2294 4030
657 276 799 359 AD
855 277 1282 362 LiBRUM
1340 294 1393 364 1
1702 309 1814 389 165

173 437 333 520 ffedeni
373 461 591 526 Sidonem,
649 479 750 528 quae
791 474 965 520 tamen,
1028 465 1247 527 Trojanis
1290 468 1447 518 saltem
1509 471 1815 536 temporibuS,

135 605 139 608 q
175 535 276 588 suos
309 551 445 601 reges
466 535 563 601 ipsa
582 535 751 585 habuit
781 538 868 598 (cf.
894 538 952 586 ad
976 540 1207 588 Guthrtum
1229 543 1292 589 T.
1318 545 1362 598 Ι,
1395 560 1444 606 p.
1470 547 1613 610 439).
1681 549 1816 596 Pari-

169 605 285 665 'dem
323 609 541 661 Sidonem
575 611 745 660 veniffe
790 623 839 661 et
878 613 1039 662 urbem
1083 614 1310 669 evertiss'e,
1364 630 1597 671 narratum
1633 634 1732 678 erat
1765 622 1815 671 in

177 682 396 758 Cypriis,
421 695 472 734 nt
515 701 575 733 ex
611 685 875 751 fragmento
907 684 1063 742 Procli
1093 688 1315 738 Eseurial.
1346 692 1461 739 MS.
1482 692 1644 742 didici.
1713 697 1814 744 Ac-

174 753 367 817 'cesserat
400 774 512 808 mox
555 760 616 809 ad
651 762 879 826 Cinyram
923 764 1188 812 Palamedes
1228 765 1276 812 in
1314 767 1527 831 Cyprum
1562 770 1712 819 miffus
1752 773 1814 821 ad

158 957 174 981 z
318 924 534 960 narratur
561 911 610 960 in
646 913 985 965 Alcidamantis
1010 916 1098 963 Or.
1121 915 1171 963 in
1196 917 1430 966 Palamed.
1465 936 1513 982 p.
1538 937 1618 984 73.
1687 923 1814 971 Fun-

262 997 399 1035 erat
440 986 581 1034 Iliad.
621 999 669 1042 λ,
727 1003 880 1037 20——2
888 1005 933 1050 3
1026 989 1172 1037 Porro
1216 990 1314 1037 Beli
1357 1009 1543 1047 nomen,
1575 1005 1815 1058 tamquam

288 1062 377 1118 ‘uS,
409 1065 531 1112 recte
565 1042 768 1127 praetulit
799 1066 940 1128 poeta
960 1081 1074 1113 vero
1113 1066 1306 1121 nomini,
1342 1068 1464 1131 quod
1508 1082 1641 1133 pater
1679 1071 1815 1120 Elisae

170 1146 221 1186 et
244 1125 581 1202 Pygmalionis,
614 1135 739 1202 Tyri
762 1156 861 1198 rex,
893 1138 1056 1187 habuit
1072 1142 1268 1204 Mutgbni
1252 1162 1288 1189 zs
1310 1143 1386 1189 vel
1407 1145 1609 1206 Matgeni
1631 1161 1706 1210 ap.
1728 1146 1814 1208 Jo-

169 1211 296 1278 seph.
313 1215 360 1262 in
383 1213 560 1278 Apion.
585 1216 630 1270 Ι,
664 1232 714 1279 Ρ.
740 1231 856 1279 927,
889 1217 1136 1271 Mettinum,
1182 1218 1379 1273 Mettem,
1420 1221 1497 1265 Me
1498 1221 1635 1268 threm
1655 1221 1815 1284 appel-

155 1287 381 1345 lautam,
397 1301 447 1339 v'
470 1288 529 1338 ad
555 1289 719 1353 Justin.
741 1290 933 1345 XVIII,
948 1308 997 1353 4,
1021 1309 1066 1355 3.
1105 1290 1242 1339 Adde
1264 1294 1397 1342 Serv.
1413 1294 1472 1342 ad
1493 1296 1605 1344 AEn.
1626 1296 1670 1352 Ι,
1695 1312 1813 1362 343.

571 1381 573 1383 ’
640 1389 1108 1439 EXCURSUS
1162 1383 1350 1443 XXIV

833 1476 926 1535 De
967 1480 1151 1538 Ilzone.

115 1636 117 1642 Δ
233 1577 278 1634 Ι,
314 1575 344 1627 6
350 1594 430 1644 53.
479 1575 707 1626 Praeterea
734 1580 968 1640 steptrum‚
1001 1578 1137 1626 Ilione
1172 1584 1287 1644 quod
1306 1582 1485 1644 gffrat
1512 1582 1622 1630 olim.
1691 1581 1805 1632 Ilio-

167 1649 259 1701 '1'1en
279 1651 402 1701 inter
421 1653 592 1701 Priami
615 1653 727 1700 filias
751 1653 810 1699 ab
834 1653 1121 1717 Apollodoro
1144 1667 1191 1701 et
1214 1655 1427 1702 similibus
1448 1657 1694 1717 memorari
1715 1673 1809 1705 non

169 1725 352 1783 videas,
386 1727 445 1775 ab
465 1727 664 1792 Hygino
688 1739 841 1774 tamen
865 1728 960 1775 fab.
989 1744 1078 1791 243
1106 1740 1153 1775 et
1181 1746 1265 1794 109
1291 1747 1347 1776 ex
1370 1731 1599 1795 tragoedia
1631 1731 1808 1779 scilicet

164 1803 445 1873 rGraecorum
485 1804 657 1868 aliqua,
713 1819 814 1867 quae
849 1803 1041 1851 interiit.
1132 1805 1208 1852 Est
1245 1805 1310 1852 ibi
1352 1806 1431 1852 illa
1477 1806 1810 1869 Polymnestori

166 1878 409 1927 Thracum
443 1878 547 1942 regi
584 1891 745 1942 nupta,
779 1891 826 1925 et
864 1878 923 1926 ad
961 1896 1062 1926 eam
1101 1880 1242 1927 frater
1266 1881 1520 1943 Polydorus
1544 1881 1807 1929 educandus

164 1955 382 2002 'mittitur‘-
451 1953 607 2000 Etiam
634 1954 824 2001 Pacuvii
848 1954 1077 2017 tragoedia
1099 1954 1186 2002 hoe
1211 1956 1396 2002 nomine
1420 1955 1541 2012 fuit3
1589 1968 1634 2004 et
1663 1956 1810 2012 Accii

166 2030 347 2079 I'lionen
370 2046 429 2076 ex
451 2028 611 2076 Nonio
634 2029 808 2078 laudari
838 2028 1015 2083 videas,
1048 2030 1167 2076 male
1207 2030 1266 2076 ab
1302 2030 1420 2085 aliis,
1455 2030 1595 2079 etiam
1635 2048 1662 2078 a
1703 2032 1804 2079 Co-

94 2167 102 2171 ,
164 2106 340 2159 lumna‚
353 2096 495 2152 'inter
535 2103 765 2151 Ennianas
799 2104 976 2151 fabulas
1023 2117 1448 2153 commemoratam.
1519 2107 1593 2153 Ex
1623 2123 1677 2152 ea
1701 2106 1804 2153 dic-

164 2193 266 2230 tum
285 2179 428 2228 illud:
465 2181 618 2226 Mater
637 2193 680 2226 te
700 2177 860 2243 appello
884 2196 909 2226 e
935 2179 1039 2227 Cic.
1062 2180 1212 2228 Acad.
1240 2181 1335 2244 Q.
1359 2182 1448 2235 IV,
1486 2198 1544 2243 27
1565 2193 1611 2228 et
1629 2182 1802 2228 Horat.

163 2258 218 2306 II
242 2259 388 2304 Serm.
417 2272 464 2319 3,
501 2255 558 2302 61
583 2266 759 2302 notum
828 2254 946 2302 adde
965 2256 1093 2303 Serv.
1119 2256 1249 2303 adh.
1271 2257 1303 2302 1.
1331 2257 1498 2310 etIII,
1539 2271 1612 2320 15.
1681 2256 1803 2301 Lao-

163 2331 301 2381 dicen
322 2331 482 2379 frustra
504 2331 593 2378 huc
626 2341 768 2377 vocat
795 2330 968 2384 Cerda,
1004 2317 1062 2377 de
1096 2346 1187 2394 qua
1223 2329 1467 2393 v.Qint.
1511 2329 1804 2384 Ca1.X111,

164 2407 378 2521 544sqq.
444 2404 711 2470 Tryphiod.
735 2421 782 2454 v.
807 2404 901 2464 648
927 2418 974 2452 et
998 2405 1188 2452 Pausan.
1214 2405 1277 2459 X,
1299 2405 1378 2452 26.

646 2503 1103 2552 EXCURSUS
1156 2503 1316 2552 XXV.

227 2579 274 2648 Ι,
308 2592 423 2658 716.
458 2577 520 2641 Et
539 2611 735 2656 magnum
753 2592 873 2658 fast
905 2591 1104 2655 implevit
1130 2596 1338 2655 genitoris
1359 2609 1553 2639 amorem.
1623 2585 1802 2639 Videa-

114 2682 117 2683 ’
162 2665 264 2717 'mus
285 2669 438 2731 paullo
460 2667 722 2724 accuratius
745 2668 804 2715 de
842 2668 891 2715 h.
927 2667 981 2722 1.,
1015 2667 1063 2714 in
1100 2684 1192 2732 quo
1227 2665 1340 2714 mihi
1364 2664 1709 2712 diffentiendum
1734 2663 1797 2711 est

161 2742 192 2792 'a
213 2742 383 2790 doctiss.
420 2742 698 2805 Interprete.
782 2741 931 2795 Nam,
974 2757 1073 2805 quae
1101 2737 1483 2804 primaflegentis
1521 2735 1798 2802 cogitationi

108 2866 109 2869 ,
161 2826 395 2879 occurrat,
439 2814 659 2863 sententia
689 2816 774 2864 effe
812 2814 997 2862 'videtur
1031 2815 1150 2868 haec,
1201 2824 1251 2861 ut
1289 2811 1512 2859 Ascanius
1545 2812 1677 2859 falsus
1711 2810 1795 2858 de-

162 2889 376 2941 fiderium
411 2887 574 2954 patris,
606 2907 635 2938 a
673 2906 766 2955 quo
802 2889 1054 2936 absentiam
1091 2887 1175 2935 filii
1195 2885 1492 2951 impatienter
1517 2883 1694 2932 ferente
1715 2900 1793 2932 ar-

91 2983 95 2986 ·
159 2965 336 3014 ceffitus
360 2975 478 3035 erat,
510 2963 671 3029 primis
695 2962 980 3029 amplexibus
1005 2975 1051 3011 et
1087 2961 1247 3010 osculis
1282 2960 1502 3024 expleret.
1567 2958 1641 3005 Ita
1667 2977 1794 3022 mag-

158 3059 258 3088 num
279 3032 485 3098 amorem
506 3039 623 3087 bene
644 3036 787 3093 dixit,
821 3050 867 3086 et
879 3038 1028 3103 saffica·
1044 3041 1215 3102 genitor
1249 3036 1310 3084 est
1347 3033 1510 3087 elusus,
1550 3032 1793 3095 deceptus,

160 3112 237 3161 vel
259 3111 406 3179 fimpl.
429 3110 559 3175 cujus
581 3115 716 3162 verus
739 3113 856 3163 filius
891 3115 1040 3162 Amor
1069 3129 1160 3161 non
1198 3113 1320 3160 effet.
1388 3107 1562 3171 Implere
1590 3126 1792 3162 amorem,

157 3189 229 3244 ut,
261 3179 454 3242 dolorem,
484 3187 656 3244 Iullum,
702 3190 820 3238 bene
853 3189 1058 3246 dicitur,
1045 3208 1057 3219 ·
1105 3185 1389 3237 communius
1423 3182 1600 3247 explere.
1669 3183 1793 3230 Bur-

158 3267 350 3311 mannus
371 3262 526 3314 tamen
550 3263 831 3320 Corradum,
864 3265 946 3329 qui
966 3265 1034 3313 ita
1054 3264 1341 3327 exposuerat,
1375 3257 1686 3323 reprehendit,
1719 3258 1791 3305 al·-

103 3391 105 3393 .
155 3341 396 3402 {eramque
413 3337 638 3389 rationem
657 3341 897 3416 proponit,
931 3357 982 3389 ut
1011 3341 1095 3388 fit·
1136 3351 1286 3402 partes
1308 3335 1422 3400 filii,
1443 3346 1617 3398 patrem
1650 3333 1790 3381 vehe-

107 3438 110 3439 ⁷
156 3425 315 3463 menter
331 3418 536 3468 amantis,
567 3413 668 3464 bene
689 3422 806 3480 egit,
853 3433 968 3482 erga
988 3427 1170 3481 patrem
1192 3427 1396 3461 amorem
1425 3406 1618 3457 ostendit
1639 3405 1793 3458 omni-

162 3479 248 3554 ltus
272 3486 478 3536 numeris
498 3488 566 3539 ita
600 3491 873 3556 perfeetum,
908 3505 957 3542 ut
980 3491 1018 3540 is
1041 3489 1267 3545 crederet,
1299 3487 1386 3538 effe
1421 3500 1581 3536 verum
1615 3481 1697 3531 filii
1717 3480 1794 3529 af-

222 3558 370 3612 ΤοΜ.
394 3562 467 3615 II.
1049 3562 1095 3617 Ι..
1601 3556 1804 3627 fectum,-
