2294 4030
531 364 657 427 »ψ
783 348 857 414 Ρ.
933 340 1406 409 v1Ro1L11
1473 343 1961 415 MARONIS

538 516 815 597 Liqucris
843 516 1192 577 Anchisen?
1232 517 1469 597 superet
1494 517 1832 600 conjunxne
1863 515 2097 596 Creiisa,
2154 557 2159 564 ,

534 629 940 710 Ascaniusque
967 631 1155 710 puer?
1196 652 1344 710 quos
1372 607 1570 692 omnis⁴
1596 634 1863 715 undique
1885 635 2088 695 Graiae

537 745 786 833 Circum
812 762 1004 806 errant
1031 747 1217 805 acies:
1261 760 1342 820 et,
1371 746 1434 805 ni
1452 767 1594 808 ¹mea
1621 769 1766 808 cura
1793 749 2032 822 refistat,

533 863 671 941 Jam
686 864 946 922 flammae
963 859 1226 932 tulerint,
1241 860 1520 920 inimicus
1536 878 1593 921 et
1605 862 1858 924 hauserit
1875 863 2040 923 ensis·
2061 864 2185 923 600

535 976 678 1035 Non
706 975 821 1034 tibi
852 975 1208 1053 Tyndaridis
1230 973 1407 1034 facies
1434 976 1619 1035 invisa
1649 976 1942 1049 Lacaenae,

543 1090 904 1170 Culpatusve
934 1089 1133 1159 Paris;
1180 1090 1388 1150 divom
1423 1090 1832 1163 inclementia,
1872 1092 2104 1166 divom,

535 1206 669 1266 Has
699 1206 912 1265 evertit
939 1226 1099 1285 opeS,
1128 1205 1443 1285 sternitque
1471 1227 1504 1264 a
1531 1204 1798 1264 culmine
1826 1206 2097 1289 Trojam.

536 1320 825 1399 Adspice:
850 1341 1106 1401 namque
1122 1341 1530 1401 omnem,quae
1548 1340 1704 1380 nunc
1724 1319 1977 1380 obdu&a
1995 1323 2188 1385 tuenti

540 1433 821 1492 Mortalis
844 1434 1082 1492 hebetat
1102 1432 1255 1492 visus
1275 1431 1408 1504 tibi,
1427 1446 1486 1490 et
1506 1432 1755 1499 humida
1775 1431 2010 1493 circum
2065 1436 2178 1513 605

580 1608 679 1650 597.
698 1598 879 1649 Anchfim
891 1598 1068 1651 plurimi.
1082 1602 1248 1655 stiperest
1261 1600 1380 1641 multi
1394 1615 1457 1655 ap,
1473 1595 1653 1643 Pieriutr}
1669 1612 1709 1643 et
1722 1604 1863 1644 Burm,
1877 1603 2185 1658 conjuxqueWitt.
2275 1633 2279 1649 f

535 1663 845 1715 5073juxsuperetne
869 1663 1047 1702 C.nullus
1074 1664 1206 1704 habet.
1229 1683 1232 1685 ⁷
1259 1684 1261 1686 ’
1318 1677 1415 1720 599.
1446 1672 1637 1706 circuerant
1650 1668 1712 1706 ed.
1728 1669 1835 1708 Ven.
1948 1667 2043 1709 600.
2075 1669 2188 1722 afflet·

536 1729 639 1765 lerint
677 1726 1042 1779 Bigot.inimic1ffque
1060 1729 1149 1767 edd.
1170 1739 1263 1767 ante
1283 1729 1476 1771 Pierium.
1533 1732 1683 1783 hauserit
1700 1734 1790 1783 ignis
1810 1730 1981 1772 Oudart.
2004 1745 2028 1771 a
2045 1745 2107 1785 pr.
2126 1745 2185 1772 mi
2271 1750 2273 1774 ς

537 1796 632 1835 602.
677 1797 795 1833 divum
816 1798 841 1833 ἱ.
874 1797 994 1832 divum
1025 1794 1134 1833 reae
1167 1794 1336 1847 probata
1354 1796 1442 1848 post
1472 1795 1652 1835 Pierium
1682 1807 1723 1836 et
1742 1795 1842 1835 alios
1860 1796 2026 1837 Heinfio
2046 1797 2189 1838 lenstio-

536 1862 788 1914 optimorum
808 1859 1006 1899 librorum
1026 1869 1064 1898 et
1086 1860 1445 1912 grammaticorum
1462 1860 1717 1901 audior-itate.
1776 1859 1916 1913 Vulgo
1944 1860 2034 1900 edd.
2063 1878 2187 1901 verum

534 1928 616 1966 incl.
638 1929 674 1965 cl.
686 1943 700 1969 ;
731 1925 910 1977 plerique
931 1924 1106 1963 Pieriani
1123 1937 1132 1963 :
1151 1924 1219 1975 fid
1232 1928 1321 1962 enim
1341 1927 1424 1963 incl.
1447 1928 1481 1963 d.
1534 1926 1666 1977 Sprot.
1680 1924 1823 1980 saevum
1842 1927 1868 1964 i.
1890 1926 1924 1962 d.
1978 1924 2140 1967 Zulich.
2164 1941 2189 1966 a.
2266 1962 2268 1964 .

535 2004 590 2030 m.
615 2003 679 2043 pr.
700 2006 847 2041 unquam
866 1992 892 2027 i.
912 1992 945 2028 d.
976 1989 1110 2041 Bigot.
1135 1991 1275 2027 Divum
1295 1992 1321 2028 i.
1327 1991 1489 2040 fitmmis.
1536 1990 1582 2028 In
1601 1989 1753 2028 Erfurt.
1788 1997 1924 2028 totum
1942 1988 2188 2030 hernistlchi-
2268 2007 2271 2010 ·

533 2067 636 2095 um:
664 2058 784 2093 divum
802 2056 1027 2102 inclementia,
1055 2056 1190 2101 divum,
1222 2052 1450 2101 exciderat3
1478 2053 1588 2106 quod
1619 2067 1702 2092 non
1721 2052 1935 2093 infeliciter
1952 2053 2107 2094 fal-'lum
2126 2056 2190 2095 di·
2222 2054 2224 2058 ’
2267 2071 2271 2078 ’

535 2133 623 2159 cere
644 2119 772 2173 poffis,
801 2128 846 2158 ut
882 2118 1138 2157 continuetur
1170 2117 1389 2156 sententia:
1421 2119 1508 2156 Non
1528 2119 1785 2156 Paris—Has
1811 2122 1938 2157 evertit
1956 2127 2046 2172 opes.
2105 2120 2186 2161 Sed
2268 2151 2287 2155 ,

534 2183 602 2223 hic
622 2183 774 2236 ingenii
793 2183 899 2223 lusus
918 2181 1024 2221 effet.
1054 2181 1233 2220 Omnino
1254 2181 1406 2220 mirum
1426 2181 1496 2229 est,
1513 2181 1621 2221 inter
1638 2181 1897 2221 librariorum
1916 2181 2047 2236 lapsus
2064 2197 2187 2236 quam

535 2247 708 2287 feliciter
737 2248 943 2287 interdum
978 2246 1091 2285 cadat
1116 2246 1246 2298 jadtus
1287 2245 1456 2298 stuporis
1487 2246 1553 2284 vel
1581 2245 1759 2286 incuriae.

534 2312 654 2353 Leid.
678 2325 746 2352 un.
770 2326 792 2350 a
811 2326 866 2351 m.
881 2324 945 2365 pr.
964 2320 1003 2350 et
1019 2309 1129 2349 Voff.
2276 2335 2286 2366 ,ἦ

532 2390 610 2431 pro
630 2377 712 2417 div,
741 2376 834 2416 ledi.
950 2375 1043 2424 605.
1074 2377 1257 2413 Mortales
1277 2377 1371 2427 vifits
1397 2377 1432 2413 h.
1465 2375 1607 2423 Wall.,
1640 2375 1906 2429 superscripto
1942 2391 2018 2427 que.
2066 2378 2190 2418 hebetet

534 2443 677 2482 Franc.
733 2442 798 2480 tibi
823 2444 945 2480 limina
964 2444 1090 2479 circum
1120 2440 1239 2479 Leid.
1269 2453 1387 2481 unus.
1444 2442 1577 2479 lumina
1598 2439 1725 2480 Goth.
1758 2448 1852 2479 tert.
1882 2454 1905 2479 a
1923 2440 1998 2480 sec.
2017 2453 2076 2483 m.

1874 2245 1968 2296 603.
2003 2248 2134 2301 sternit
2164 2265 2189 2288 a

1242 2309 1335 2357 604.
1368 2313 1513 2348 adduffla
1534 2311 1706 2363 Menag.
1744 2323 1807 2363 pr.
1867 2313 2000 2349 timenti
2020 2311 2184 2355 Zulich.
2268 2308 2269 2311 ¹

532 2601 650 2651 filius
671 2599 884 2662 injuriam
904 2597 1087 2647 faceret.
1142 2597 1315 2648 Verum
1400 2599 1520 2661 apud
1560 2608 1748 2649 veteres.
1787 2615 1833 2648 v.
1885 2599 2038 2648 Cerda
2089 2603 2188 2666 post

529 2664 761 2731 sequentia
782 2664 839 2711 ad
876 2664 998 2728 prius
1035 2663 1154 2710 illud
1188 2680 1316 2712 revo-

531 2743 657 2782 cant.
726 2735 912 2793 aspicies,
955 2739 1005 2775 ut
1043 2733 1181 2792 poeta
1230 2746 1314 2792 pro

1403 2663 1662 2711 Guellium.
1710 2662 2019 2731 Undaridisf
2043 2675 2074 2715 i.
2095 2669 2186 2715 La-

1399 2748 1532 2776 caenae
1567 2737 1726 2777 ornate
1764 2743 1847 2791 pro
1886 2728 2084 2788 Helena,
2125 2737 2187 2781 Οὐ
2267 2728 2292 2779 ἶ

526 2800 830 2859 circumspicies.
880 2813 973 2859 quos
994 2792 1176 2855 hauserit
1195 2797 1315 2857 erfis,

531 2874 584 2909 ut
604 2862 755 2926 paflim
790 2864 956 2923 po'etae,
986 2875 1030 2906 v.
1073 2858 1314 2906 Drakenb.

530 2927 591 2974 ad
615 2925 779 2972 Silium
803 2924 869 2979 V,
895 2939 1008 2989 524,
1041 2939 1124 2986 pro
1158 2923 1316 2971 confo-

531 2992 657 3046 dere,
696 2989 956 3053 tranfigere,
993 2990 1192 3050 ἀφύσσων
1213 2988 1316 3036 Ho-

530 3073 643 3104 mer.
660 3067 710 3102 ut
732 3053 868 3102 Iliad.
895 3056 939 3112 ξ,
963 3068 1083 3118 517:
1117 3054 1317 3116 primum

530 3119 739 3169 hauritur
786 3118 969 3182 sanguis
1015 3118 1149 3166 ense:
1207 3118 1316 3165 hinc

528 3185 624 3251 ipse
659 3183 770 3231 ensis
803 3183 955 3230 haurit
967 3202 980 3240 3
1025 3195 1075 3230 ut
1116 3182 1316 3238 hauriat,

528 3262 751 3316 penetrat,
793 3248 1015 3313 transfigit
1036 3248 1170 3304 latu8‚
1214 3263 1315 3295 cor·
1345 3310 1350 3315 Ἴ

529 3333 630 3380 pus,
663 3326 715 3361 ut
737 3312 807 3368 X,
831 3330 942 3376 314·

618 3383 680 3429 60
690 3381 843 3426 1--60
848 3394 892 3438 3.
972 3375 1203 3424 Sententia
1257 3391 1316 3424 ex

528 3440 701 3491 Priami
740 3442 890 3489 verbis
941 3458 1014 3506 ap.
1058 3440 1318 3488 Homerum

529 3507 674 3571 petita
692 3506 831 3553 Iliad.
855 3530 904 3567 «γ,
932 3511 1040 3568 164.
1070 3508 1175 3570 165.
1200 3505 1317 3551 adde

531 3571 691 3654 Qdyffi
716 3593 766 3628 a,
785 3587 892 3637 347.
931 3575 1022 3636 348
1043 3582 1090 3620 et
1106 3570 1318 3635 frequens

1401 2796 1489 2856 «γάξ
1511 2814 1574 2840 τοι
1595 2793 1727 2841 Ἑλένη
1749 2796 1864 2840 πέλει
1894 2795 2014 2846 αἰτίη
2029 2809 2116 2845 etc.
2138 2815 2185 2845 v·
2268 2803 2271 2818 ²

1399 2875 1474 2922 ap.
1496 2857 1661 2924 Qint.
1697 2857 1803 2905 Cal.
1845 2857 1989 2916 XIII,
2010 2876 2121 2922 422.
2152 2882 2186 2910 a

1397 2923 1591 2977 culmine,
1634 2921 1740 2970 κατ’
1781 2923 1933 2988 cingas.
1987 2941 2036 2974 V.
2086 2923 2185 2992 sup.

1405 3003 1560 3124 29go4
1589 3051 1688 3116 sqq.
1722 3051 2070 3110 Pulcherrimus,
2103 3055 2186 3131 qui
2269 3046 2286 3097 ἶ

1397 3117 1615 3179 sequitur,
1651 3118 1777 3164 locus
1797 3117 1964 3181 partim
1988 3118 2187 3168 Homen
2267 3123 2273 3138 ³

1396 3179 1752 3245 auspiciisIliad.
1781 3205 1817 3238 ε,
1842 3199 1950 3247 127,
1979 3186 2087 3240 128,
2106 3185 2189 3233 ubi
2268 3199 2294 3241 5·

1396 3244 1609 3293 Minerva
1627 3246 1868 3294 Diomedis
1890 3247 2036 3295 visum
2058 3249 2184 3299 acuit
2267 3247 2278 3307 ζ

1394 3322 1440 3358 et
1460 3309 1596 3359 Iliad.
1614 3335 1670 3371 μ,
1708 3328 1725 3358 1
1738 3328 1766 3373 3*
1784 3311 1883 3375 sqq.
1906 3328 1964 3360 27
1985 3312 2081 3377 sqq.
2103 3313 2185 3363 ubi

1395 3375 1638 3449 Neptunus
1666 3387 1712 3423 et
1735 3377 1906 3442 Apollo
1928 3377 2096 3425 vallum
2113 3378 2183 3424 A-
2266 3378 2274 3427 Ῑ
2289 3407 2294 3409 -

1393 3440 1630 3490 chivorum
1672 3440 1863 3488 diruunt
1903 3441 1986 3502 (cf.
2031 3432 2185 3489 imita-
2268 3448 2271 3485 ζ

1393 3504 1565 3552 tionem
1598 3504 1767 3568 Qinti
1787 3505 1890 3552 Cal.
1915 3504 2060 3562 XIV,
2086 3508 2176 3567 631

1393 3570 1490 3625 —6
1492 3573 1595 3636 51),
1629 3569 1798 3635 partim
1817 3569 2011 3626 aliorum
2027 3572 2187 3634 poe'ta-
2261 3568 2283 3621 ³4

2083 3649 2191 3692 tum
2270 3628 2294 3702 i,
