<?xml version="1.0" encoding="UTF-8"?>
<!DOCTYPE html PUBLIC "-//W3C//DTD XHTML 1.0 Transitional//EN"
    "http://www.w3.org/TR/xhtml1/DTD/xhtml1-transitional.dtd">
<html xmlns="http://www.w3.org/1999/xhtml" xml:lang="en" lang="en">
 <head>
  <title>
</title>
<meta http-equiv="Content-Type" content="text/html;charset=utf-8" />
  <meta name='ocr-system' content='tesseract 3.04.00' />
  <meta name='ocr-capabilities' content='ocr_page ocr_carea ocr_par ocr_line ocrx_word'/>
</head>
<body>
  <div class='ocr_page' id='page_1' title='image "./operavarietatele02virguoft_0368.png"; bbox 0 0 2294 4030; ppageno 0'>
   <div class='ocr_carea' id='block_1_1' title="bbox 480 343 1651 424">
    <p class='ocr_par' dir='ltr' id='par_1_1' title="bbox 480 343 1651 424">
     <span class='ocr_line' id='line_1_1' title="bbox 480 343 1651 424; baseline 0.003 -16"><span class='ocrx_word' id='word_1_1' title='bbox 480 356 611 424; x_wconf 53' lang='lat'>’272</span> <span class='ocrx_word' id='word_1_2' title='bbox 957 343 1558 416; x_wconf 89' lang='lat' dir='ltr'>EXCURSUS</span> <span class='ocrx_word' id='word_1_3' title='bbox 1618 351 1651 411; x_wconf 84' lang='grc' dir='ltr'>Ι</span> 
     </span>
    </p>
   </div>
   <div class='ocr_carea' id='block_1_2' title="bbox 489 508 2126 884">
    <p class='ocr_par' dir='ltr' id='par_1_2' title="bbox 489 508 2126 884">
     <span class='ocr_line' id='line_1_2' title="bbox 490 508 2124 585; baseline 0.008 -28"><span class='ocrx_word' id='word_1_4' title='bbox 490 508 542 557; x_wconf 80' lang='lat'>11</span> <span class='ocrx_word' id='word_1_5' title='bbox 566 511 676 560; x_wconf 90' lang='lat' dir='ltr'>Am.</span> <span class='ocrx_word' id='word_1_6' title='bbox 707 514 782 569; x_wconf 83' lang='lat'>18,</span> <span class='ocrx_word' id='word_1_7' title='bbox 800 524 845 563; x_wconf 88' lang='lat' dir='ltr'>et</span> <span class='ocrx_word' id='word_1_8' title='bbox 862 514 1194 568; x_wconf 88' lang='lat' dir='ltr'>Posthomerica</span> <span class='ocrx_word' id='word_1_9' title='bbox 1207 520 1256 568; x_wconf 91' lang='lat' dir='ltr'>II</span> <span class='ocrx_word' id='word_1_10' title='bbox 1276 532 1321 569; x_wconf 91' lang='lat' dir='ltr'>et</span> <span class='ocrx_word' id='word_1_11' title='bbox 1346 521 1490 570; x_wconf 87' lang='lat' dir='ltr'>Ponto</span> <span class='ocrx_word' id='word_1_12' title='bbox 1518 539 1595 578; x_wconf 87' lang='lat'>10,</span> <span class='ocrx_word' id='word_1_13' title='bbox 1623 537 1698 585; x_wconf 83' lang='lat'>13,</span> <span class='ocrx_word' id='word_1_14' title='bbox 1721 521 1831 570; x_wconf 85' lang='lat' dir='ltr'>item</span> <span class='ocrx_word' id='word_1_15' title='bbox 1855 522 2124 578; x_wconf 70' lang='lat' dir='ltr'>Camerinus,</span> 
     </span>
     <span class='ocr_line' id='line_1_3' title="bbox 490 583 2124 654; baseline 0.007 -24"><span class='ocrx_word' id='word_1_16' title='bbox 490 583 568 631; x_wconf 81' lang='lat' dir='ltr'>IV</span> <span class='ocrx_word' id='word_1_17' title='bbox 586 601 643 633; x_wconf 86' lang='lat' dir='ltr'>ex</span> <span class='ocrx_word' id='word_1_18' title='bbox 663 585 808 636; x_wconf 89' lang='lat' dir='ltr'>Ponto</span> <span class='ocrx_word' id='word_1_19' title='bbox 834 590 909 646; x_wconf 85' lang='lat'>16,</span> <span class='ocrx_word' id='word_1_20' title='bbox 930 592 980 647; x_wconf 88' lang='lat'>6,</span> <span class='ocrx_word' id='word_1_21' title='bbox 1002 592 1084 640; x_wconf 91' lang='lat' dir='ltr'>ubi</span> <span class='ocrx_word' id='word_1_22' title='bbox 1103 610 1150 642; x_wconf 87' lang='lat' dir='ltr'>v.</span> <span class='ocrx_word' id='word_1_23' title='bbox 1168 605 1265 642; x_wconf 87' lang='lat' dir='ltr'>not.</span> <span class='ocrx_word' id='word_1_24' title='bbox 1287 610 1344 642; x_wconf 85' lang='lat' dir='ltr'>ex</span> <span class='ocrx_word' id='word_1_25' title='bbox 1365 588 1564 643; x_wconf 86' lang='lat' dir='ltr'>Graecis</span> <span class='ocrx_word' id='word_1_26' title='bbox 1582 594 1675 643; x_wconf 89' lang='lat' dir='ltr'>fere</span> <span class='ocrx_word' id='word_1_27' title='bbox 1701 611 1776 643; x_wconf 87' lang='lat' dir='ltr'>eos</span> <span class='ocrx_word' id='word_1_28' title='bbox 1797 594 1870 644; x_wconf 87' lang='lat' dir='ltr'>sua</span> <span class='ocrx_word' id='word_1_29' title='bbox 1892 594 2124 654; x_wconf 81' lang='lat' dir='ltr'>effinxiffe,</span> 
     </span>
     <span class='ocr_line' id='line_1_4' title="bbox 489 662 2126 734; baseline 0.007 -26"><span class='ocrx_word' id='word_1_30' title='bbox 489 662 745 726; x_wconf 83' lang='lat' dir='ltr'>exemplum</span> <span class='ocrx_word' id='word_1_31' title='bbox 765 673 941 725; x_wconf 84' lang='lat' dir='ltr'>eorum,</span> <span class='ocrx_word' id='word_1_32' title='bbox 977 668 1058 732; x_wconf 91' lang='lat' dir='ltr'>qui</span> <span class='ocrx_word' id='word_1_33' title='bbox 1079 669 1324 733; x_wconf 84' lang='lat' dir='ltr'>superstites</span> <span class='ocrx_word' id='word_1_34' title='bbox 1345 670 1445 718; x_wconf 86' lang='lat' dir='ltr'>sunt</span> <span class='ocrx_word' id='word_1_35' title='bbox 1462 671 1644 719; x_wconf 84' lang='lat' dir='ltr'>credere</span> <span class='ocrx_word' id='word_1_36' title='bbox 1655 666 1804 734; x_wconf 82' lang='lat' dir='ltr'>jubet.</span> <span class='ocrx_word' id='word_1_37' title='bbox 1870 669 2044 719; x_wconf 88' lang='lat' dir='ltr'>Verum</span> <span class='ocrx_word' id='word_1_38' title='bbox 2065 670 2126 719; x_wconf 78' lang='lat' dir='ltr'>de</span> 
     </span>
     <span class='ocr_line' id='line_1_5' title="bbox 491 738 2124 812; baseline 0.004 -27"><span class='ocrx_word' id='word_1_39' title='bbox 491 738 665 786; x_wconf 81' lang='lat' dir='ltr'>Latinis</span> <span class='ocrx_word' id='word_1_40' title='bbox 686 741 854 789; x_wconf 79' lang='lat' dir='ltr'>Homer</span> <span class='ocrx_word' id='word_1_41' title='bbox 836 747 918 804; x_wconf 85' lang='lat' dir='ltr'>stts</span> <span class='ocrx_word' id='word_1_42' title='bbox 939 742 1068 792; x_wconf 72' lang='grc' dir='ltr'>ᾶοέὶε</span> <span class='ocrx_word' id='word_1_43' title='bbox 1088 760 1208 792; x_wconf 89' lang='lat' dir='ltr'>nunc</span> <span class='ocrx_word' id='word_1_44' title='bbox 1228 743 1325 810; x_wconf 81' lang='lat' dir='ltr'>egit</span> <span class='ocrx_word' id='word_1_45' title='bbox 1343 746 1597 812; x_wconf 64' lang='lat' dir='ltr'>Wernsdorjfi</span> <span class='ocrx_word' id='word_1_46' title='bbox 1611 744 1677 798; x_wconf 80' lang='lat' dir='ltr'>V,</span> <span class='ocrx_word' id='word_1_47' title='bbox 1696 745 1757 795; x_wconf 89' lang='lat' dir='ltr'>C.</span> <span class='ocrx_word' id='word_1_48' title='bbox 1773 745 1822 793; x_wconf 84' lang='lat' dir='ltr'>in</span> <span class='ocrx_word' id='word_1_49' title='bbox 1835 745 1956 794; x_wconf 81' lang='lat' dir='ltr'>Poe&#39;t.</span> <span class='ocrx_word' id='word_1_50' title='bbox 1979 752 2124 794; x_wconf 84' lang='lat' dir='ltr'>minor.</span> 
     </span>
     <span class='ocr_line' id='line_1_6' title="bbox 491 811 1228 884; baseline 0.008 -6"><span class='ocrx_word' id='word_1_51' title='bbox 491 811 673 870; x_wconf 88' lang='lat' dir='ltr'>T·1V</span> <span class='ocrx_word' id='word_1_52' title='bbox 693 832 739 879; x_wconf 80' lang='lat' dir='ltr'>P</span> <span class='ocrx_word' id='word_1_53' title='bbox 766 820 876 882; x_wconf 84' lang='grc'><em>565·</em></span> <span class='ocrx_word' id='word_1_54' title='bbox 915 820 1005 882; x_wconf 83' lang='grc'>568</span> <span class='ocrx_word' id='word_1_55' title='bbox 1030 818 1094 882; x_wconf 76' lang='lat' dir='ltr'>sq·</span> <span class='ocrx_word' id='word_1_56' title='bbox 1118 835 1228 884; x_wconf 84' lang='lat'><strong>579·</strong></span> 
     </span>
    </p>
   </div>
   <div class='ocr_carea' id='block_1_3' title="bbox 476 896 2127 2374">
    <p class='ocr_par' dir='ltr' id='par_1_3' title="bbox 476 896 2127 2374">
     <span class='ocr_line' id='line_1_7' title="bbox 555 896 2125 967; baseline 0.001 -22"><span class='ocrx_word' id='word_1_57' title='bbox 555 896 785 948; x_wconf 88' lang='lat' dir='ltr'>Munita</span> <span class='ocrx_word' id='word_1_58' title='bbox 767 918 860 965; x_wconf 78' lang='lat' dir='ltr'>jam</span> <span class='ocrx_word' id='word_1_59' title='bbox 898 915 943 949; x_wconf 89' lang='lat' dir='ltr'>et</span> <span class='ocrx_word' id='word_1_60' title='bbox 979 902 1199 966; x_wconf 63' lang='lat' dir='ltr'>patefafia</span> <span class='ocrx_word' id='word_1_61' title='bbox 1231 904 1290 951; x_wconf 90' lang='lat' dir='ltr'>est</span> <span class='ocrx_word' id='word_1_62' title='bbox 1313 902 1403 961; x_wconf 82' lang='lat' dir='ltr'>via,</span> <span class='ocrx_word' id='word_1_63' title='bbox 1440 916 1489 951; x_wconf 89' lang='lat' dir='ltr'>ut</span> <span class='ocrx_word' id='word_1_64' title='bbox 1511 903 1722 951; x_wconf 86' lang='lat' dir='ltr'>accedere</span> <span class='ocrx_word' id='word_1_65' title='bbox 1744 902 1951 967; x_wconf 84' lang='lat' dir='ltr'>poflimus</span> <span class='ocrx_word' id='word_1_66' title='bbox 1973 901 2031 948; x_wconf 87' lang='lat' dir='ltr'>ad</span> <span class='ocrx_word' id='word_1_67' title='bbox 2050 900 2125 961; x_wconf 76' lang='lat' dir='ltr'>id,</span> 
     </span>
     <span class='ocr_line' id='line_1_8' title="bbox 490 972 2125 1040; baseline 0.002 -22"><span class='ocrx_word' id='word_1_68' title='bbox 490 972 618 1033; x_wconf 87' lang='lat' dir='ltr'>cujus</span> <span class='ocrx_word' id='word_1_69' title='bbox 647 975 791 1022; x_wconf 85' lang='lat' dir='ltr'>cauffa</span> <span class='ocrx_word' id='word_1_70' title='bbox 823 986 965 1023; x_wconf 86' lang='lat' dir='ltr'>totam</span> <span class='ocrx_word' id='word_1_71' title='bbox 1000 976 1116 1023; x_wconf 86' lang='lat' dir='ltr'>hanc</span> <span class='ocrx_word' id='word_1_72' title='bbox 1151 976 1500 1040; x_wconf 85' lang='lat' dir='ltr'>disputationem</span> <span class='ocrx_word' id='word_1_73' title='bbox 1534 974 1821 1039; x_wconf 84' lang='lat' dir='ltr'>suscepimus,</span> <span class='ocrx_word' id='word_1_74' title='bbox 1865 987 1917 1022; x_wconf 87' lang='lat' dir='ltr'>ut</span> <span class='ocrx_word' id='word_1_75' title='bbox 1950 973 2125 1022; x_wconf 83' lang='lat' dir='ltr'>scilicet</span> 
     </span>
     <span class='ocr_line' id='line_1_9' title="bbox 488 1048 2127 1114; baseline 0.004 -23"><span class='ocrx_word' id='word_1_76' title='bbox 488 1061 755 1107; x_wconf 85' lang='lat' dir='ltr'>quaeramns,</span> <span class='ocrx_word' id='word_1_77' title='bbox 786 1068 904 1113; x_wconf 81' lang='lat' dir='ltr'>quem</span> <span class='ocrx_word' id='word_1_78' title='bbox 932 1049 1072 1112; x_wconf 62' lang='lat' dir='ltr'>potgff</span> <span class='ocrx_word' id='word_1_79' title='bbox 1050 1068 1175 1098; x_wconf 81' lang='lat' dir='ltr'>mum</span> <span class='ocrx_word' id='word_1_80' title='bbox 1215 1069 1268 1097; x_wconf 84' lang='lat' dir='ltr'>ex</span> <span class='ocrx_word' id='word_1_81' title='bbox 1288 1050 1499 1099; x_wconf 77' lang='lat' dir='ltr'>veteribus</span> <span class='ocrx_word' id='word_1_82' title='bbox 1527 1050 1657 1114; x_wconf 68' lang='lat' dir='ltr'>pob‘tis</span> <span class='ocrx_word' id='word_1_83' title='bbox 1682 1048 1886 1114; x_wconf 72' lang='lat' dir='ltr'>Vergilius</span> <span class='ocrx_word' id='word_1_84' title='bbox 1904 1056 1948 1095; x_wconf 89' lang='lat' dir='ltr'>in</span> <span class='ocrx_word' id='word_1_85' title='bbox 1969 1052 2127 1098; x_wconf 73' lang='lat' dir='ltr'>excidio</span> 
     </span>
     <span class='ocr_line' id='line_1_10' title="bbox 491 1117 2122 1202; baseline 0.004 -35"><span class='ocrx_word' id='word_1_86' title='bbox 491 1117 674 1202; x_wconf 39' lang='lat' dir='ltr'>qj&#39;rojano</span> <span class='ocrx_word' id='word_1_87' title='bbox 692 1127 928 1172; x_wconf 79' lang='lat' dir='ltr'>enarrando</span> <span class='ocrx_word' id='word_1_88' title='bbox 925 1129 1183 1190; x_wconf 79' lang='lat' dir='ltr'>sequutus</span> <span class='ocrx_word' id='word_1_89' title='bbox 1136 1126 1189 1188; x_wconf 91' lang='lat' dir='ltr'><em>s</em></span> <span class='ocrx_word' id='word_1_90' title='bbox 1185 1139 1218 1172; x_wconf 85' lang='lat' dir='ltr'><em>t</em></span> <span class='ocrx_word' id='word_1_91' title='bbox 1284 1125 1383 1172; x_wconf 81' lang='lat' dir='ltr'>Effe</span> <span class='ocrx_word' id='word_1_92' title='bbox 1405 1117 1526 1174; x_wconf 85' lang='lat' dir='ltr'>hunc</span> <span class='ocrx_word' id='word_1_93' title='bbox 1559 1126 1677 1173; x_wconf 85' lang='lat' dir='ltr'>inter</span> <span class='ocrx_word' id='word_1_94' title='bbox 1695 1141 1790 1180; x_wconf 83' lang='lat' dir='ltr'>eos,</span> <span class='ocrx_word' id='word_1_95' title='bbox 1829 1124 1908 1187; x_wconf 84' lang='lat' dir='ltr'>qui</span> <span class='ocrx_word' id='word_1_96' title='bbox 1938 1124 2122 1173; x_wconf 80' lang='lat' dir='ltr'>interie-</span> 
     </span>
     <span class='ocr_line' id='line_1_11' title="bbox 488 1194 2123 1284; baseline 0.003 -43"><span class='ocrx_word' id='word_1_97' title='bbox 488 1194 598 1251; x_wconf 83' lang='lat' dir='ltr'>rint,</span> <span class='ocrx_word' id='word_1_98' title='bbox 641 1196 776 1252; x_wconf 87' lang='lat' dir='ltr'>facile</span> <span class='ocrx_word' id='word_1_99' title='bbox 798 1198 1093 1262; x_wconf 83' lang='lat' dir='ltr'>intelligitur,</span> <span class='ocrx_word' id='word_1_100' title='bbox 1131 1200 1495 1284; x_wconf 71' lang='lat' dir='ltr'>quandoquidem</span> <span class='ocrx_word' id='word_1_101' title='bbox 1537 1216 1618 1247; x_wconf 89' lang='lat' dir='ltr'>nec</span> <span class='ocrx_word' id='word_1_102' title='bbox 1652 1199 1931 1260; x_wconf 86' lang='lat' dir='ltr'>cyclicorurn</span> <span class='ocrx_word' id='word_1_103' title='bbox 1964 1204 2123 1264; x_wconf 82' lang='lat' dir='ltr'>po&#39;eta·</span> 
     </span>
     <span class='ocr_line' id='line_1_12' title="bbox 487 1271 2123 1356; baseline 0.004 -40"><span class='ocrx_word' id='word_1_104' title='bbox 487 1284 588 1321; x_wconf 81' lang='lat' dir='ltr'>rum</span> <span class='ocrx_word' id='word_1_105' title='bbox 607 1271 787 1355; x_wconf 66' lang='lat' dir='ltr'>aliquis,</span> <span class='ocrx_word' id='word_1_106' title='bbox 807 1289 891 1321; x_wconf 88' lang='lat' dir='ltr'>nec</span> <span class='ocrx_word' id='word_1_107' title='bbox 905 1290 1061 1321; x_wconf 87' lang='lat' dir='ltr'>eorum</span> <span class='ocrx_word' id='word_1_108' title='bbox 1083 1273 1343 1356; x_wconf 85' lang='lat' dir='ltr'>quisquam,</span> <span class='ocrx_word' id='word_1_109' title='bbox 1380 1275 1458 1338; x_wconf 84' lang='lat' dir='ltr'>qui</span> <span class='ocrx_word' id='word_1_110' title='bbox 1479 1274 1682 1339; x_wconf 85' lang='lat' dir='ltr'>proximi</span> <span class='ocrx_word' id='word_1_111' title='bbox 1704 1286 1833 1321; x_wconf 86' lang='lat' dir='ltr'>aetate</span> <span class='ocrx_word' id='word_1_112' title='bbox 1850 1273 1994 1330; x_wconf 86' lang='lat' dir='ltr'>fuere,</span> <span class='ocrx_word' id='word_1_113' title='bbox 2023 1290 2123 1323; x_wconf 89' lang='lat' dir='ltr'>om-</span> 
     </span>
     <span class='ocr_line' id='line_1_13' title="bbox 487 1342 2119 1432; baseline 0.002 -41"><span class='ocrx_word' id='word_1_114' title='bbox 487 1342 687 1407; x_wconf 85' lang='lat' dir='ltr'>ninoque</span> <span class='ocrx_word' id='word_1_115' title='bbox 706 1346 784 1408; x_wconf 90' lang='lat' dir='ltr'>qui</span> <span class='ocrx_word' id='word_1_116' title='bbox 800 1359 902 1394; x_wconf 89' lang='lat' dir='ltr'>ante</span> <span class='ocrx_word' id='word_1_117' title='bbox 918 1347 1171 1411; x_wconf 83' lang='lat' dir='ltr'>Virgilium</span> <span class='ocrx_word' id='word_1_118' title='bbox 1195 1363 1366 1404; x_wconf 75' lang='lat' dir='ltr'>vixere,</span> <span class='ocrx_word' id='word_1_119' title='bbox 1403 1348 1460 1395; x_wconf 90' lang='lat' dir='ltr'>ad</span> <span class='ocrx_word' id='word_1_120' title='bbox 1482 1349 1629 1396; x_wconf 87' lang='lat' dir='ltr'>nostra</span> <span class='ocrx_word' id='word_1_121' title='bbox 1664 1360 1866 1432; x_wconf 79' lang='lat' dir='ltr'>tempora</span> <span class='ocrx_word' id='word_1_122' title='bbox 1898 1347 2119 1411; x_wconf 87' lang='lat' dir='ltr'>pervenit.</span> 
     </span>
     <span class='ocr_line' id='line_1_14' title="bbox 491 1418 2121 1486; baseline 0.004 -20"><span class='ocrx_word' id='word_1_123' title='bbox 491 1418 655 1469; x_wconf 81' lang='lat' dir='ltr'>Sedula</span> <span class='ocrx_word' id='word_1_124' title='bbox 689 1431 835 1467; x_wconf 87' lang='lat' dir='ltr'>tamen</span> <span class='ocrx_word' id='word_1_125' title='bbox 855 1422 1096 1471; x_wconf 87' lang='lat' dir='ltr'>multarum</span> <span class='ocrx_word' id='word_1_126' title='bbox 1130 1438 1278 1470; x_wconf 86' lang='lat' dir='ltr'>rerum</span> <span class='ocrx_word' id='word_1_127' title='bbox 1311 1435 1356 1469; x_wconf 90' lang='lat' dir='ltr'>et</span> <span class='ocrx_word' id='word_1_128' title='bbox 1387 1439 1543 1471; x_wconf 88' lang='lat' dir='ltr'>eorum</span> <span class='ocrx_word' id='word_1_129' title='bbox 1566 1422 1812 1486; x_wconf 82' lang='lat' dir='ltr'>imprimis,</span> <span class='ocrx_word' id='word_1_130' title='bbox 1843 1421 1944 1485; x_wconf 91' lang='lat' dir='ltr'>qui,</span> <span class='ocrx_word' id='word_1_131' title='bbox 1980 1421 2121 1472; x_wconf 77' lang='lat' dir='ltr'>serio-</span> 
     </span>
     <span class='ocr_line' id='line_1_15' title="bbox 487 1492 2118 1559; baseline 0.003 -21"><span class='ocrx_word' id='word_1_132' title='bbox 487 1508 557 1557; x_wconf 68' lang='lat' dir='ltr'>res</span> <span class='ocrx_word' id='word_1_133' title='bbox 573 1492 773 1555; x_wconf 87' lang='lat' dir='ltr'>quidem,</span> <span class='ocrx_word' id='word_1_134' title='bbox 789 1506 956 1541; x_wconf 87' lang='lat' dir='ltr'>veteres</span> <span class='ocrx_word' id='word_1_135' title='bbox 974 1507 1124 1544; x_wconf 88' lang='lat' dir='ltr'>tamen</span> <span class='ocrx_word' id='word_1_136' title='bbox 1146 1493 1491 1559; x_wconf 81' lang='lat' dir='ltr'>exscripserunt,</span> <span class='ocrx_word' id='word_1_137' title='bbox 1510 1508 1555 1543; x_wconf 88' lang='lat' dir='ltr'>et</span> <span class='ocrx_word' id='word_1_138' title='bbox 1588 1495 1779 1543; x_wconf 86' lang='lat' dir='ltr'>Tabulae</span> <span class='ocrx_word' id='word_1_139' title='bbox 1799 1495 1951 1543; x_wconf 86' lang='lat' dir='ltr'>Iliacae</span> <span class='ocrx_word' id='word_1_140' title='bbox 1983 1512 2009 1543; x_wconf 86' lang='lat' dir='ltr'>a</span> <span class='ocrx_word' id='word_1_141' title='bbox 2033 1493 2118 1543; x_wconf 77' lang='lat' dir='ltr'>Fa-</span> 
     </span>
     <span class='ocr_line' id='line_1_16' title="bbox 487 1565 2119 1635; baseline 0.003 -23"><span class='ocrx_word' id='word_1_142' title='bbox 487 1565 637 1613; x_wconf 85' lang='lat' dir='ltr'>bretto</span> <span class='ocrx_word' id='word_1_143' title='bbox 657 1568 869 1631; x_wconf 77' lang='lat' dir='ltr'>vulgatae,</span> <span class='ocrx_word' id='word_1_144' title='bbox 893 1570 940 1616; x_wconf 90' lang='lat' dir='ltr'>in</span> <span class='ocrx_word' id='word_1_145' title='bbox 962 1587 1051 1632; x_wconf 87' lang='lat' dir='ltr'>qua</span> <span class='ocrx_word' id='word_1_146' title='bbox 1083 1570 1280 1617; x_wconf 65' lang='lat' dir='ltr'>amstmes</span> <span class='ocrx_word' id='word_1_147' title='bbox 1313 1569 1526 1634; x_wconf 87' lang='lat' dir='ltr'>adscripti</span> <span class='ocrx_word' id='word_1_148' title='bbox 1561 1570 1680 1626; x_wconf 87' lang='lat' dir='ltr'>sunt,</span> <span class='ocrx_word' id='word_1_149' title='bbox 1715 1587 1803 1617; x_wconf 88' lang='lat' dir='ltr'>una</span> <span class='ocrx_word' id='word_1_150' title='bbox 1825 1586 1928 1617; x_wconf 88' lang='lat' dir='ltr'>cum</span> <span class='ocrx_word' id='word_1_151' title='bbox 1954 1569 2119 1635; x_wconf 81' lang='lat' dir='ltr'>Polyg-</span> 
     </span>
     <span class='ocr_line' id='line_1_17' title="bbox 486 1639 2120 1708; baseline 0.002 -19"><span class='ocrx_word' id='word_1_152' title='bbox 486 1639 587 1689; x_wconf 82' lang='lat' dir='ltr'>noti</span> <span class='ocrx_word' id='word_1_153' title='bbox 608 1640 756 1689; x_wconf 91' lang='lat' dir='ltr'>tabula</span> <span class='ocrx_word' id='word_1_154' title='bbox 786 1645 904 1706; x_wconf 88' lang='lat' dir='ltr'>apud</span> <span class='ocrx_word' id='word_1_155' title='bbox 938 1643 1220 1699; x_wconf 83' lang='lat' dir='ltr'>Pausaniam,</span> <span class='ocrx_word' id='word_1_156' title='bbox 1253 1644 1609 1708; x_wconf 87' lang='lat' dir='ltr'>comparatione,</span> <span class='ocrx_word' id='word_1_157' title='bbox 1645 1662 1764 1692; x_wconf 87' lang='lat' dir='ltr'>nunc</span> <span class='ocrx_word' id='word_1_158' title='bbox 1787 1656 1934 1691; x_wconf 88' lang='lat' dir='ltr'>autern</span> <span class='ocrx_word' id='word_1_159' title='bbox 1970 1644 2120 1692; x_wconf 85' lang='lat' dir='ltr'>multo</span> 
     </span>
     <span class='ocr_line' id='line_1_18' title="bbox 486 1714 2119 1782; baseline 0.004 -23"><span class='ocrx_word' id='word_1_160' title='bbox 486 1714 631 1777; x_wconf 82' lang='lat' dir='ltr'>magis</span> <span class='ocrx_word' id='word_1_161' title='bbox 650 1730 705 1760; x_wconf 88' lang='lat' dir='ltr'>ex</span> <span class='ocrx_word' id='word_1_162' title='bbox 727 1715 875 1763; x_wconf 90' lang='lat' dir='ltr'>Procli</span> <span class='ocrx_word' id='word_1_163' title='bbox 895 1717 1149 1778; x_wconf 85' lang='lat' dir='ltr'>fragmento</span> <span class='ocrx_word' id='word_1_164' title='bbox 1169 1716 1281 1765; x_wconf 88' lang='lat' dir='ltr'>bibl.</span> <span class='ocrx_word' id='word_1_165' title='bbox 1307 1717 1369 1764; x_wconf 91' lang='lat' dir='ltr'>D.</span> <span class='ocrx_word' id='word_1_166' title='bbox 1390 1717 1543 1768; x_wconf 81' lang='lat' dir='ltr'>Marci</span> <span class='ocrx_word' id='word_1_167' title='bbox 1559 1717 1809 1780; x_wconf 61' lang='lat' dir='ltr'>conjeGlare</span> <span class='ocrx_word' id='word_1_168' title='bbox 1825 1716 1954 1772; x_wconf 88' lang='lat' dir='ltr'>licet,</span> <span class='ocrx_word' id='word_1_169' title='bbox 1975 1718 2119 1782; x_wconf 80' lang='lat' dir='ltr'>Virgi-</span> 
     </span>
     <span class='ocr_line' id='line_1_19' title="bbox 484 1786 2119 1853; baseline 0.003 -19"><span class='ocrx_word' id='word_1_170' title='bbox 484 1786 588 1852; x_wconf 59' lang='lat' dir='ltr'>Jium</span> <span class='ocrx_word' id='word_1_171' title='bbox 597 1788 842 1851; x_wconf 77' lang='lat' dir='ltr'>potffmum</span> <span class='ocrx_word' id='word_1_172' title='bbox 878 1791 1051 1837; x_wconf 68' lang='lat' dir='ltr'>Arc‘lini</span> <span class='ocrx_word' id='word_1_173' title='bbox 1084 1790 1206 1837; x_wconf 79' lang='grc' dir='ltr'>Ἰλίου</span> <span class='ocrx_word' id='word_1_174' title='bbox 1239 1789 1432 1853; x_wconf 60' lang='lat' dir='ltr'>vigo-132,</span> <span class='ocrx_word' id='word_1_175' title='bbox 1476 1804 1515 1836; x_wconf 76' lang='lat' dir='ltr'>ct</span> <span class='ocrx_word' id='word_1_176' title='bbox 1546 1809 1633 1837; x_wconf 82' lang='lat' dir='ltr'>cum</span> <span class='ocrx_word' id='word_1_177' title='bbox 1653 1790 1735 1838; x_wconf 79' lang='lat' dir='ltr'>hac</span> <span class='ocrx_word' id='word_1_178' title='bbox 1754 1789 1921 1851; x_wconf 69' lang='lat' dir='ltr'>Lescbei</span> <span class='ocrx_word' id='word_1_179' title='bbox 1938 1790 2119 1839; x_wconf 78' lang='lat' dir='ltr'>Iliadem</span> 
     </span>
     <span class='ocr_line' id='line_1_20' title="bbox 476 1862 2118 1930; baseline 0.001 -20"><span class='ocrx_word' id='word_1_180' title='bbox 476 1875 675 1926; x_wconf 61' lang='lat' dir='ltr'>parvam</span> <span class='ocrx_word' id='word_1_181' title='bbox 705 1864 946 1928; x_wconf 69' lang='lat' dir='ltr'>exprffffl’,</span> <span class='ocrx_word' id='word_1_182' title='bbox 982 1865 1124 1912; x_wconf 86' lang='lat' dir='ltr'>multa</span> <span class='ocrx_word' id='word_1_183' title='bbox 1157 1876 1326 1921; x_wconf 88' lang='lat' dir='ltr'>tamen,</span> <span class='ocrx_word' id='word_1_184' title='bbox 1369 1877 1419 1912; x_wconf 89' lang='lat' dir='ltr'>ut</span> <span class='ocrx_word' id='word_1_185' title='bbox 1453 1863 1573 1911; x_wconf 84' lang='lat' dir='ltr'>infra</span> <span class='ocrx_word' id='word_1_186' title='bbox 1613 1863 1798 1930; x_wconf 74' lang='lat' dir='ltr'>singulis</span> <span class='ocrx_word' id='word_1_187' title='bbox 1839 1862 2118 1929; x_wconf 60' lang='lat' dir='ltr'>videbimus,</span> 
     </span>
     <span class='ocr_line' id='line_1_21' title="bbox 482 1936 2116 2004; baseline 0.001 -23"><span class='ocrx_word' id='word_1_188' title='bbox 482 1936 632 2000; x_wconf 83' lang='lat' dir='ltr'>paffim</span> <span class='ocrx_word' id='word_1_189' title='bbox 670 1957 723 1984; x_wconf 85' lang='lat' dir='ltr'>ex</span> <span class='ocrx_word' id='word_1_190' title='bbox 765 1939 928 1986; x_wconf 81' lang='lat' dir='ltr'>Graecis</span> <span class='ocrx_word' id='word_1_191' title='bbox 968 1943 1206 2004; x_wconf 79' lang='lat' dir='ltr'>tragoediis,</span> <span class='ocrx_word' id='word_1_192' title='bbox 1241 1938 1467 2003; x_wconf 76' lang='lat' dir='ltr'>imprImis</span> <span class='ocrx_word' id='word_1_193' title='bbox 1509 1941 1745 2002; x_wconf 72' lang='lat' dir='ltr'>Euripidis,</span> <span class='ocrx_word' id='word_1_194' title='bbox 1796 1938 1946 1985; x_wconf 81' lang='lat' dir='ltr'>hausta</span> <span class='ocrx_word' id='word_1_195' title='bbox 1974 1937 2116 1986; x_wconf 76' lang='lat' dir='ltr'>inter..</span> 
     </span>
     <span class='ocr_line' id='line_1_22' title="bbox 484 2010 2116 2074; baseline 0.003 -18"><span class='ocrx_word' id='word_1_196' title='bbox 484 2010 686 2064; x_wconf 77' lang='lat' dir='ltr'>texuisse,</span> <span class='ocrx_word' id='word_1_197' title='bbox 707 2011 830 2074; x_wconf 88' lang='lat' dir='ltr'>quod</span> <span class='ocrx_word' id='word_1_198' title='bbox 853 2024 923 2059; x_wconf 84' lang='lat' dir='ltr'>tot</span> <span class='ocrx_word' id='word_1_199' title='bbox 943 2013 1044 2060; x_wconf 84' lang='lat' dir='ltr'>loca</span> <span class='ocrx_word' id='word_1_200' title='bbox 1065 2030 1122 2061; x_wconf 87' lang='lat' dir='ltr'>ex</span> <span class='ocrx_word' id='word_1_201' title='bbox 1146 2013 1337 2060; x_wconf 86' lang='lat' dir='ltr'>Hecuba</span> <span class='ocrx_word' id='word_1_202' title='bbox 1358 2026 1403 2059; x_wconf 88' lang='lat' dir='ltr'>et</span> <span class='ocrx_word' id='word_1_203' title='bbox 1430 2013 1689 2062; x_wconf 82' lang='lat' dir='ltr'>Troadibus</span> <span class='ocrx_word' id='word_1_204' title='bbox 1706 2012 1908 2060; x_wconf 67' lang='lat' dir='ltr'>traducta</span> <span class='ocrx_word' id='word_1_205' title='bbox 1924 2012 2116 2072; x_wconf 86' lang='lat' dir='ltr'>docent;</span> 
     </span>
     <span class='ocr_line' id='line_1_23' title="bbox 485 2075 2115 2151; baseline 0.002 -20"><span class='ocrx_word' id='word_1_206' title='bbox 485 2095 538 2131; x_wconf 83' lang='lat' dir='ltr'>ut</span> <span class='ocrx_word' id='word_1_207' title='bbox 586 2085 773 2132; x_wconf 88' lang='lat' dir='ltr'>omnino</span> <span class='ocrx_word' id='word_1_208' title='bbox 810 2085 1076 2150; x_wconf 84' lang='lat' dir='ltr'>Euripidem</span> <span class='ocrx_word' id='word_1_209' title='bbox 1115 2087 1359 2151; x_wconf 85' lang='lat' dir='ltr'>plurimum</span> <span class='ocrx_word' id='word_1_210' title='bbox 1397 2086 1605 2134; x_wconf 86' lang='lat' dir='ltr'>videatur</span> <span class='ocrx_word' id='word_1_211' title='bbox 1639 2085 1837 2151; x_wconf 65' lang='lat' dir='ltr'>probasse</span> <span class='ocrx_word' id='word_1_212' title='bbox 1870 2075 2115 2151; x_wconf 66' lang='lat' dir='ltr'>Virgilius,</span> 
     </span>
     <span class='ocr_line' id='line_1_24' title="bbox 488 2160 2116 2229; baseline 0.002 -22"><span class='ocrx_word' id='word_1_213' title='bbox 488 2160 628 2225; x_wconf 81' lang='lat' dir='ltr'>Qod</span> <span class='ocrx_word' id='word_1_214' title='bbox 654 2173 799 2208; x_wconf 89' lang='lat' dir='ltr'>autem</span> <span class='ocrx_word' id='word_1_215' title='bbox 832 2168 979 2229; x_wconf 74' lang='lat' dir='ltr'>poetae</span> <span class='ocrx_word' id='word_1_216' title='bbox 1005 2163 1208 2210; x_wconf 85' lang='lat' dir='ltr'>animum</span> <span class='ocrx_word' id='word_1_217' title='bbox 1245 2162 1451 2226; x_wconf 85' lang='lat' dir='ltr'>inprimis</span> <span class='ocrx_word' id='word_1_218' title='bbox 1474 2163 1531 2209; x_wconf 91' lang='lat' dir='ltr'>ad</span> <span class='ocrx_word' id='word_1_219' title='bbox 1555 2160 1797 2225; x_wconf 82' lang='lat' dir='ltr'>tragoedias</span> <span class='ocrx_word' id='word_1_220' title='bbox 1829 2160 2116 2226; x_wconf 68' lang='lat' dir='ltr'>frustumque</span> 
     </span>
     <span class='ocr_line' id='line_1_25' title="bbox 482 2233 2117 2300; baseline 0 -17"><span class='ocrx_word' id='word_1_221' title='bbox 482 2233 591 2283; x_wconf 74' lang='lat' dir='ltr'>inde</span> <span class='ocrx_word' id='word_1_222' title='bbox 613 2235 669 2282; x_wconf 91' lang='lat' dir='ltr'>ad</span> <span class='ocrx_word' id='word_1_223' title='bbox 688 2235 942 2281; x_wconf 75' lang='lat' dir='ltr'>ornandum</span> <span class='ocrx_word' id='word_1_224' title='bbox 962 2236 1139 2299; x_wconf 88' lang='lat' dir='ltr'>epicum</span> <span class='ocrx_word' id='word_1_225' title='bbox 1174 2253 1355 2284; x_wconf 86' lang='lat' dir='ltr'>carmen</span> <span class='ocrx_word' id='word_1_226' title='bbox 1388 2235 1666 2292; x_wconf 79' lang='lat' dir='ltr'>uberrimum</span> <span class='ocrx_word' id='word_1_227' title='bbox 1701 2234 1944 2298; x_wconf 87' lang='lat' dir='ltr'>petendum</span> <span class='ocrx_word' id='word_1_228' title='bbox 1963 2235 2117 2300; x_wconf 80' lang='lat' dir='ltr'>potuit</span> 
     </span>
     <span class='ocr_line' id='line_1_26' title="bbox 483 2309 2114 2374; baseline 0.001 -18"><span class='ocrx_word' id='word_1_229' title='bbox 483 2321 741 2356; x_wconf 84' lang='lat' dir='ltr'>convertere</span> <span class='ocrx_word' id='word_1_230' title='bbox 761 2321 804 2355; x_wconf 93' lang='lat' dir='ltr'>et</span> <span class='ocrx_word' id='word_1_231' title='bbox 827 2309 1068 2364; x_wconf 81' lang='lat' dir='ltr'>adducere,</span> <span class='ocrx_word' id='word_1_232' title='bbox 1102 2311 1188 2358; x_wconf 88' lang='lat' dir='ltr'>hoc</span> <span class='ocrx_word' id='word_1_233' title='bbox 1208 2311 1334 2359; x_wconf 83' lang='lat' dir='ltr'>fuiffe</span> <span class='ocrx_word' id='word_1_234' title='bbox 1349 2310 1562 2366; x_wconf 85' lang='lat' dir='ltr'>arbitror,</span> <span class='ocrx_word' id='word_1_235' title='bbox 1585 2310 1707 2373; x_wconf 90' lang='lat' dir='ltr'>quod</span> <span class='ocrx_word' id='word_1_236' title='bbox 1741 2326 1908 2374; x_wconf 90' lang='lat' dir='ltr'>magna</span> <span class='ocrx_word' id='word_1_237' title='bbox 1939 2310 2114 2371; x_wconf 61' lang='lat' dir='ltr'>fabula,</span> 
     </span>
    </p>
   </div>
   <div class='ocr_carea' id='block_1_4' title="bbox 482 2382 2193 2445">
    <p class='ocr_par' dir='ltr' id='par_1_4' title="bbox 482 2382 2193 2445">
     <span class='ocr_line' id='line_1_27' title="bbox 482 2382 2193 2445; baseline 0.001 -14"><span class='ocrx_word' id='word_1_238' title='bbox 482 2399 582 2431; x_wconf 83' lang='lat' dir='ltr'>rum</span> <span class='ocrx_word' id='word_1_239' title='bbox 609 2382 871 2435; x_wconf 81' lang='lat' dir='ltr'>Graecarum</span> <span class='ocrx_word' id='word_1_240' title='bbox 894 2400 991 2445; x_wconf 88' lang='lat' dir='ltr'>pars</span> <span class='ocrx_word' id='word_1_241' title='bbox 1030 2384 1088 2439; x_wconf 86' lang='lat' dir='ltr'>ab</span> <span class='ocrx_word' id='word_1_242' title='bbox 1111 2385 1282 2439; x_wconf 88' lang='lat' dir='ltr'>Ennio,</span> <span class='ocrx_word' id='word_1_243' title='bbox 1319 2385 1486 2441; x_wconf 88' lang='lat' dir='ltr'>Accio,</span> <span class='ocrx_word' id='word_1_244' title='bbox 1520 2383 1658 2431; x_wconf 87' lang='lat' dir='ltr'>Livio</span> <span class='ocrx_word' id='word_1_245' title='bbox 1684 2382 1972 2439; x_wconf 85' lang='lat' dir='ltr'>Andronico,</span> <span class='ocrx_word' id='word_1_246' title='bbox 2000 2385 2112 2433; x_wconf 84' lang='lat' dir='ltr'>Nae-</span> <span class='ocrx_word' id='word_1_247' title='bbox 2191 2403 2193 2407; x_wconf 71' lang='grc'>’</span> 
     </span>
    </p>
   </div>
   <div class='ocr_carea' id='block_1_5' title="bbox 479 2456 2115 2902">
    <p class='ocr_par' dir='ltr' id='par_1_5' title="bbox 479 2456 2115 2902">
     <span class='ocr_line' id='line_1_28' title="bbox 481 2456 2115 2515; baseline 0.003 -12"><span class='ocrx_word' id='word_1_248' title='bbox 481 2457 576 2512; x_wconf 80' lang='lat' dir='ltr'>vio,</span> <span class='ocrx_word' id='word_1_249' title='bbox 595 2456 808 2510; x_wconf 80' lang='lat' dir='ltr'>Pacuvio,</span> <span class='ocrx_word' id='word_1_250' title='bbox 832 2456 1056 2514; x_wconf 86' lang='lat' dir='ltr'>Varrone,</span> <span class='ocrx_word' id='word_1_251' title='bbox 1090 2458 1240 2506; x_wconf 85' lang='lat' dir='ltr'>forsan</span> <span class='ocrx_word' id='word_1_252' title='bbox 1263 2470 1308 2507; x_wconf 89' lang='lat' dir='ltr'>et</span> <span class='ocrx_word' id='word_1_253' title='bbox 1329 2459 1447 2515; x_wconf 85' lang='lat' dir='ltr'>aliis,</span> <span class='ocrx_word' id='word_1_254' title='bbox 1469 2457 1608 2506; x_wconf 87' lang='lat' dir='ltr'>latine</span> <span class='ocrx_word' id='word_1_255' title='bbox 1630 2471 1723 2506; x_wconf 86' lang='lat' dir='ltr'>erat</span> <span class='ocrx_word' id='word_1_256' title='bbox 1740 2457 1967 2505; x_wconf 83' lang='lat' dir='ltr'>conversa.</span> <span class='ocrx_word' id='word_1_257' title='bbox 2005 2456 2115 2508; x_wconf 45' lang='lat' dir='ltr'>Pro,</span> 
     </span>
     <span class='ocr_line' id='line_1_29' title="bbox 482 2531 2112 2598; baseline 0.001 -17"><span class='ocrx_word' id='word_1_258' title='bbox 482 2533 615 2581; x_wconf 87' lang='lat' dir='ltr'>ficere</span> <span class='ocrx_word' id='word_1_259' title='bbox 645 2549 701 2579; x_wconf 84' lang='lat' dir='ltr'>ex</span> <span class='ocrx_word' id='word_1_260' title='bbox 742 2533 813 2579; x_wconf 87' lang='lat' dir='ltr'>his</span> <span class='ocrx_word' id='word_1_261' title='bbox 845 2539 982 2596; x_wconf 72' lang='lat' dir='ltr'>poeta</span> <span class='ocrx_word' id='word_1_262' title='bbox 1021 2549 1110 2580; x_wconf 89' lang='lat' dir='ltr'>non</span> <span class='ocrx_word' id='word_1_263' title='bbox 1153 2552 1307 2598; x_wconf 84' lang='lat' dir='ltr'>parum</span> <span class='ocrx_word' id='word_1_264' title='bbox 1354 2534 1510 2582; x_wconf 84' lang='lat' dir='ltr'>debuit</span> <span class='ocrx_word' id='word_1_265' title='bbox 1547 2551 1638 2581; x_wconf 89' lang='lat' dir='ltr'>non</span> <span class='ocrx_word' id='word_1_266' title='bbox 1682 2533 1819 2580; x_wconf 89' lang='lat' dir='ltr'>modo</span> <span class='ocrx_word' id='word_1_267' title='bbox 1861 2531 1919 2579; x_wconf 88' lang='lat' dir='ltr'>ad</span> <span class='ocrx_word' id='word_1_268' title='bbox 1963 2549 2112 2582; x_wconf 85' lang='lat' dir='ltr'>narra</span> 
     </span>
     <span class='ocr_line' id='line_1_30' title="bbox 481 2605 2110 2672; baseline 0.002 -21"><span class='ocrx_word' id='word_1_269' title='bbox 481 2605 622 2652; x_wconf 83' lang='lat' dir='ltr'>tionis</span> <span class='ocrx_word' id='word_1_270' title='bbox 643 2605 920 2660; x_wconf 83' lang='lat' dir='ltr'>varietatem,</span> <span class='ocrx_word' id='word_1_271' title='bbox 943 2623 1097 2654; x_wconf 84' lang='lat' dir='ltr'>verum</span> <span class='ocrx_word' id='word_1_272' title='bbox 1123 2609 1267 2658; x_wconf 81' lang='lat' dir='ltr'>multo</span> <span class='ocrx_word' id='word_1_273' title='bbox 1289 2609 1433 2672; x_wconf 85' lang='lat' dir='ltr'>magis</span> <span class='ocrx_word' id='word_1_274' title='bbox 1465 2608 1521 2655; x_wconf 90' lang='lat' dir='ltr'>ad</span> <span class='ocrx_word' id='word_1_275' title='bbox 1545 2606 1761 2661; x_wconf 79' lang='lat' dir='ltr'>orationis</span> <span class='ocrx_word' id='word_1_276' title='bbox 1783 2606 1996 2669; x_wconf 63' lang='lat' dir='ltr'>poeticae,</span> <span class='ocrx_word' id='word_1_277' title='bbox 2033 2605 2110 2657; x_wconf 84' lang='lat' dir='ltr'>cui</span> 
     </span>
     <span class='ocr_line' id='line_1_31' title="bbox 481 2679 2110 2747; baseline 0.001 -18"><span class='ocrx_word' id='word_1_278' title='bbox 481 2679 762 2729; x_wconf 84' lang='lat' dir='ltr'>elaborandae</span> <span class='ocrx_word' id='word_1_279' title='bbox 783 2680 1005 2744; x_wconf 83' lang='lat' dir='ltr'>inprimis</span> <span class='ocrx_word' id='word_1_280' title='bbox 1059 2682 1277 2739; x_wconf 83' lang='lat' dir='ltr'>studebat,</span> <span class='ocrx_word' id='word_1_281' title='bbox 1319 2681 1590 2747; x_wconf 85' lang='lat' dir='ltr'>dignitatem</span> <span class='ocrx_word' id='word_1_282' title='bbox 1629 2693 1674 2729; x_wconf 88' lang='lat' dir='ltr'>et</span> <span class='ocrx_word' id='word_1_283' title='bbox 1715 2692 1937 2730; x_wconf 86' lang='lat' dir='ltr'>ornatum.</span> <span class='ocrx_word' id='word_1_284' title='bbox 2014 2681 2110 2731; x_wconf 79' lang='lat' dir='ltr'>Etfi</span> 
     </span>
     <span class='ocr_line' id='line_1_32' title="bbox 479 2754 2111 2825; baseline 0.001 -22"><span class='ocrx_word' id='word_1_285' title='bbox 479 2755 600 2803; x_wconf 84' lang='lat' dir='ltr'>enim</span> <span class='ocrx_word' id='word_1_286' title='bbox 643 2754 929 2802; x_wconf 85' lang='lat' dir='ltr'>diverfiffima</span> <span class='ocrx_word' id='word_1_287' title='bbox 969 2755 1021 2802; x_wconf 86' lang='lat' dir='ltr'>fit</span> <span class='ocrx_word' id='word_1_288' title='bbox 1052 2758 1236 2825; x_wconf 82' lang='lat' dir='ltr'>tragicae</span> <span class='ocrx_word' id='word_1_289' title='bbox 1278 2757 1509 2821; x_wconf 84' lang='lat' dir='ltr'>epicaeque</span> <span class='ocrx_word' id='word_1_290' title='bbox 1549 2756 1767 2815; x_wconf 83' lang='lat' dir='ltr'>orationis</span> <span class='ocrx_word' id='word_1_291' title='bbox 1809 2755 2003 2813; x_wconf 83' lang='lat' dir='ltr'>indoles,</span> <span class='ocrx_word' id='word_1_292' title='bbox 2040 2768 2111 2804; x_wconf 85' lang='lat' dir='ltr'>ta-</span> 
     </span>
     <span class='ocr_line' id='line_1_33' title="bbox 482 2817 2111 2902; baseline 0.001 -25"><span class='ocrx_word' id='word_1_293' title='bbox 482 2846 587 2877; x_wconf 89' lang='lat' dir='ltr'>men</span> <span class='ocrx_word' id='word_1_294' title='bbox 628 2828 800 2892; x_wconf 87' lang='lat' dir='ltr'>tragica</span> <span class='ocrx_word' id='word_1_295' title='bbox 831 2829 910 2875; x_wconf 91' lang='lat' dir='ltr'>illa</span> <span class='ocrx_word' id='word_1_296' title='bbox 952 2830 1099 2878; x_wconf 85' lang='lat' dir='ltr'>oratio</span> <span class='ocrx_word' id='word_1_297' title='bbox 1136 2823 1402 2895; x_wconf 85' lang='lat' dir='ltr'>Virgilianae</span> <span class='ocrx_word' id='word_1_298' title='bbox 1435 2817 1629 2887; x_wconf 76' lang='lat' dir='ltr'>diffloni</span> <span class='ocrx_word' id='word_1_299' title='bbox 1665 2829 1936 2895; x_wconf 81' lang='lat' dir='ltr'>gravitatem</span> <span class='ocrx_word' id='word_1_300' title='bbox 1962 2830 2111 2902; x_wconf 51' lang='lat' dir='ltr'>illam,</span> 
     </span>
    </p>
   </div>
   <div class='ocr_carea' id='block_1_6' title="bbox 479 2902 2181 2972">
    <p class='ocr_par' dir='ltr' id='par_1_6' title="bbox 479 2894 2283 2983">
     <span class='ocr_line' id='line_1_34' title="bbox 479 2902 2181 2972; baseline 0.004 -23"><span class='ocrx_word' id='word_1_301' title='bbox 479 2919 618 2968; x_wconf 83' lang='lat' dir='ltr'>qnam</span> <span class='ocrx_word' id='word_1_302' title='bbox 650 2913 880 2965; x_wconf 84' lang='lat' dir='ltr'>tantopere</span> <span class='ocrx_word' id='word_1_303' title='bbox 916 2902 1149 2969; x_wconf 83' lang='lat' dir='ltr'>miramur,</span> <span class='ocrx_word' id='word_1_304' title='bbox 1189 2915 1235 2951; x_wconf 88' lang='lat' dir='ltr'>et</span> <span class='ocrx_word' id='word_1_305' title='bbox 1277 2904 1568 2972; x_wconf 81' lang='lat' dir='ltr'>majestatem,</span> <span class='ocrx_word' id='word_1_306' title='bbox 1620 2904 1851 2956; x_wconf 87' lang='lat' dir='ltr'>interdum</span> <span class='ocrx_word' id='word_1_307' title='bbox 1898 2904 2112 2957; x_wconf 70' lang='grc' dir='ltr'>δεινότητα</span> <span class='ocrx_word' id='word_1_308' title='bbox 2178 2913 2181 2915; x_wconf 60' lang='grc'><strong>“</strong></span> 
     </span>
    </p>
   </div>
   <div class='ocr_carea' id='block_1_7' title="bbox 475 2970 2117 3645">
    <p class='ocr_par' dir='ltr' id='par_1_7' title="bbox 475 2970 2115 3569">
     <span class='ocr_line' id='line_1_35' title="bbox 477 2970 2110 3043; baseline 0.004 -22"><span class='ocrx_word' id='word_1_309' title='bbox 477 2975 677 3039; x_wconf 76' lang='lat' dir='ltr'>aliquam</span> <span class='ocrx_word' id='word_1_310' title='bbox 710 2970 1004 3031; x_wconf 85' lang='lat' dir='ltr'>rhetoricam,</span> <span class='ocrx_word' id='word_1_311' title='bbox 1046 2977 1403 3042; x_wconf 70' lang='lat' dir='ltr'>eloquentiaeque</span> <span class='ocrx_word' id='word_1_312' title='bbox 1446 2979 1584 3026; x_wconf 87' lang='lat' dir='ltr'>modo</span> <span class='ocrx_word' id='word_1_313' title='bbox 1614 2977 1792 3043; x_wconf 84' lang='lat' dir='ltr'>copiam</span> <span class='ocrx_word' id='word_1_314' title='bbox 1831 2979 1969 3028; x_wconf 89' lang='lat' dir='ltr'>modo</span> <span class='ocrx_word' id='word_1_315' title='bbox 2000 2995 2110 3027; x_wconf 87' lang='lat' dir='ltr'>acu-</span> 
     </span>
     <span class='ocr_line' id='line_1_36' title="bbox 477 3047 2113 3125; baseline 0.004 -30"><span class='ocrx_word' id='word_1_316' title='bbox 477 3065 602 3105; x_wconf 85' lang='lat' dir='ltr'>men,</span> <span class='ocrx_word' id='word_1_317' title='bbox 651 3049 922 3115; x_wconf 73' lang='lat' dir='ltr'>comparasse</span> <span class='ocrx_word' id='word_1_318' title='bbox 980 3050 1174 3100; x_wconf 83' lang='lat' dir='ltr'>videtur.</span> <span class='ocrx_word' id='word_1_319' title='bbox 1254 3050 1404 3117; x_wconf 82' lang='lat' dir='ltr'>Qam</span> <span class='ocrx_word' id='word_1_320' title='bbox 1452 3051 1651 3115; x_wconf 87' lang='lat' dir='ltr'>proclive</span> <span class='ocrx_word' id='word_1_321' title='bbox 1708 3062 1856 3101; x_wconf 83' lang='lat' dir='ltr'>autem</span> <span class='ocrx_word' id='word_1_322' title='bbox 1902 3047 2113 3125; x_wconf 80' lang='lat' dir='ltr'>Virgilio</span> 
     </span>
     <span class='ocr_line' id='line_1_37' title="bbox 477 3122 2115 3193; baseline 0.006 -25"><span class='ocrx_word' id='word_1_323' title='bbox 477 3122 636 3173; x_wconf 80' lang='lat' dir='ltr'>fuerit,</span> <span class='ocrx_word' id='word_1_324' title='bbox 673 3122 720 3169; x_wconf 89' lang='lat' dir='ltr'>in</span> <span class='ocrx_word' id='word_1_325' title='bbox 756 3122 875 3171; x_wconf 90' lang='lat' dir='ltr'>bello</span> <span class='ocrx_word' id='word_1_326' title='bbox 902 3134 949 3170; x_wconf 88' lang='lat' dir='ltr'>et</span> <span class='ocrx_word' id='word_1_327' title='bbox 979 3123 1164 3172; x_wconf 85' lang='lat' dir='ltr'>excidio</span> <span class='ocrx_word' id='word_1_328' title='bbox 1186 3125 1423 3190; x_wconf 68' lang='lat' dir='ltr'>Trojano,</span> <span class='ocrx_word' id='word_1_329' title='bbox 1447 3125 1506 3174; x_wconf 93' lang='lat' dir='ltr'>de</span> <span class='ocrx_word' id='word_1_330' title='bbox 1545 3142 1639 3191; x_wconf 91' lang='lat' dir='ltr'>quo</span> <span class='ocrx_word' id='word_1_331' title='bbox 1679 3143 1801 3175; x_wconf 86' lang='lat' dir='ltr'>nunc</span> <span class='ocrx_word' id='word_1_332' title='bbox 1833 3126 2115 3193; x_wconf 70' lang='lat' dir='ltr'>potissimum</span> 
     </span>
     <span class='ocr_line' id='line_1_38' title="bbox 478 3195 2107 3265; baseline 0.006 -24"><span class='ocrx_word' id='word_1_333' title='bbox 478 3195 738 3261; x_wconf 82' lang='lat' dir='ltr'>quaerimus‚</span> <span class='ocrx_word' id='word_1_334' title='bbox 771 3197 1004 3256; x_wconf 67' lang='lat' dir='ltr'>trastando</span> <span class='ocrx_word' id='word_1_335' title='bbox 1032 3208 1077 3244; x_wconf 89' lang='lat' dir='ltr'>et</span> <span class='ocrx_word' id='word_1_336' title='bbox 1116 3199 1320 3246; x_wconf 80' lang='lat' dir='ltr'>ornando</span> <span class='ocrx_word' id='word_1_337' title='bbox 1361 3199 1668 3265; x_wconf 87' lang='lat' dir='ltr'>Tragicorum</span> <span class='ocrx_word' id='word_1_338' title='bbox 1713 3199 1909 3248; x_wconf 87' lang='lat' dir='ltr'>inventis</span> <span class='ocrx_word' id='word_1_339' title='bbox 1931 3200 2020 3256; x_wconf 87' lang='lat' dir='ltr'>uti,</span> <span class='ocrx_word' id='word_1_340' title='bbox 2049 3216 2107 3250; x_wconf 84' lang='lat' dir='ltr'>ex</span> 
     </span>
     <span class='ocr_line' id='line_1_39' title="bbox 476 3267 2114 3339; baseline 0.004 -26"><span class='ocrx_word' id='word_1_341' title='bbox 476 3282 533 3313; x_wconf 89' lang='lat' dir='ltr'>eo</span> <span class='ocrx_word' id='word_1_342' title='bbox 565 3267 814 3333; x_wconf 85' lang='lat' dir='ltr'>apparebit,</span> <span class='ocrx_word' id='word_1_343' title='bbox 847 3269 879 3316; x_wconf 87' lang='lat' dir='ltr'>fi</span> <span class='ocrx_word' id='word_1_344' title='bbox 919 3269 1246 3334; x_wconf 86' lang='lat' dir='ltr'>tragoediarum</span> <span class='ocrx_word' id='word_1_345' title='bbox 1289 3270 1422 3335; x_wconf 87' lang='lat' dir='ltr'>hujus</span> <span class='ocrx_word' id='word_1_346' title='bbox 1460 3273 1715 3337; x_wconf 86' lang='lat' dir='ltr'>argumenti</span> <span class='ocrx_word' id='word_1_347' title='bbox 1753 3277 1955 3339; x_wconf 88' lang='lat' dir='ltr'>copiam,</span> <span class='ocrx_word' id='word_1_348' title='bbox 1987 3273 2114 3321; x_wconf 45' lang='lat' dir='ltr'>inter,</span> 
     </span>
     <span class='ocr_line' id='line_1_40' title="bbox 476 3339 2110 3409; baseline 0.002 -17"><span class='ocrx_word' id='word_1_349' title='bbox 476 3339 708 3392; x_wconf 82' lang='lat' dir='ltr'>Romanos</span> <span class='ocrx_word' id='word_1_350' title='bbox 743 3341 916 3399; x_wconf 82' lang='lat' dir='ltr'>saltem,</span> <span class='ocrx_word' id='word_1_351' title='bbox 972 3355 1075 3391; x_wconf 86' lang='lat' dir='ltr'>ante</span> <span class='ocrx_word' id='word_1_352' title='bbox 1121 3347 1277 3394; x_wconf 90' lang='lat' dir='ltr'>oculos</span> <span class='ocrx_word' id='word_1_353' title='bbox 1328 3345 1515 3409; x_wconf 79' lang='lat' dir='ltr'>positam</span> <span class='ocrx_word' id='word_1_354' title='bbox 1570 3345 1747 3396; x_wconf 88' lang='lat' dir='ltr'>habeas.</span> <span class='ocrx_word' id='word_1_355' title='bbox 1834 3347 1906 3395; x_wconf 85' lang='lat' dir='ltr'>Ita</span> <span class='ocrx_word' id='word_1_356' title='bbox 1946 3348 2110 3406; x_wconf 60' lang='lat' dir='ltr'>Livius</span> 
     </span>
     <span class='ocr_line' id='line_1_41' title="bbox 475 3415 2104 3487; baseline 0.007 -25"><span class='ocrx_word' id='word_1_357' title='bbox 475 3415 776 3463; x_wconf 86' lang='lat' dir='ltr'>Andronicus</span> <span class='ocrx_word' id='word_1_358' title='bbox 808 3417 1031 3474; x_wconf 81' lang='lat' dir='ltr'>Achillem,</span> <span class='ocrx_word' id='word_1_359' title='bbox 1077 3418 1301 3476; x_wconf 83' lang='lat' dir='ltr'>Helenam,</span> <span class='ocrx_word' id='word_1_360' title='bbox 1355 3422 1651 3478; x_wconf 83' lang='lat' dir='ltr'>Laodamiam,</span> <span class='ocrx_word' id='word_1_361' title='bbox 1689 3422 1965 3487; x_wconf 62' lang='lat' dir='ltr'>Prot&#39;gsilaum</span> <span class='ocrx_word' id='word_1_362' title='bbox 2001 3422 2104 3484; x_wconf 85' lang='lat' dir='ltr'>(nifi</span> 
     </span>
     <span class='ocr_line' id='line_1_42' title="bbox 475 3489 2109 3569; baseline 0.004 -30"><span class='ocrx_word' id='word_1_363' title='bbox 475 3489 639 3560; x_wconf 64' lang='lat' dir='ltr'>oadem</span> <span class='ocrx_word' id='word_1_364' title='bbox 685 3506 791 3563; x_wconf 59' lang='lat' dir='ltr'>cum</span> <span class='ocrx_word' id='word_1_365' title='bbox 833 3492 913 3547; x_wconf 81' lang='lat' dir='ltr'>illa</span> <span class='ocrx_word' id='word_1_366' title='bbox 956 3492 1045 3556; x_wconf 72' lang='lat' dir='ltr'>fuit</span> <span class='ocrx_word' id='word_1_367' title='bbox 1082 3494 1286 3565; x_wconf 62' lang='lat' dir='ltr'>fabula),</span> <span class='ocrx_word' id='word_1_368' title='bbox 1316 3496 1573 3568; x_wconf 54' lang='lat' dir='ltr'>affamur·</span> <span class='ocrx_word' id='word_1_369' title='bbox 1582 3499 1749 3569; x_wconf 77' lang='lat' dir='ltr'><em>Equum</em></span> <span class='ocrx_word' id='word_1_370' title='bbox 1787 3496 2109 3566; x_wconf 42' lang='lat' dir='ltr'>Traianum,—</span> 
     </span>
    </p>

    <p class='ocr_par' dir='ltr' id='par_1_8' title="bbox 1871 3574 2117 3645">
     <span class='ocr_line' id='line_1_43' title="bbox 1871 3574 2117 3645; baseline 0 -21"><span class='ocrx_word' id='word_1_371' title='bbox 1871 3574 2117 3645; x_wconf 45' lang='lat' dir='ltr'>Odyfflamgs</span> 
     </span>
    </p>
   </div>
   <div class='ocr_carea' id='block_1_8' title="bbox 2247 956 2294 3970">
    <p class='ocr_par' dir='ltr' id='par_1_9' title="bbox 2247 956 2294 3970">
     <span class='ocr_line' id='line_1_44' title="bbox 2247 956 2294 3970; baseline 0 0"><span class='ocrx_word' id='word_1_372' title='bbox 2247 956 2294 3970; x_wconf 95' lang='lat' dir='ltr'> </span> 
     </span>
    </p>
   </div>
   <div class='ocr_carea' id='block_1_9' title="bbox 2268 0 2294 305">
    <p class='ocr_par' dir='ltr' id='par_1_10' title="bbox 2268 0 2294 305">
     <span class='ocr_line' id='line_1_45' title="bbox 2268 0 2294 305; textangle 90"><span class='ocrx_word' id='word_1_373' title='bbox 2276 238 2294 305; x_wconf 36' lang='lat' dir='ltr'>*fe-2&gt;</span> <span class='ocrx_word' id='word_1_374' title='bbox 2268 0 2294 231; x_wconf 38' lang='lat' dir='ltr'>&amp;azia-issfflffl</span> 
     </span>
    </p>
   </div>
   <div class='ocr_carea' id='block_1_10' title="bbox 2262 617 2294 1087">
    <p class='ocr_par' dir='ltr' id='par_1_11' title="bbox 2262 617 2294 1087">
     <span class='ocr_line' id='line_1_46' title="bbox 2281 617 2294 631; baseline 0 -9"><span class='ocrx_word' id='word_1_375' title='bbox 2281 617 2294 631; x_wconf 13' lang='grc' dir='ltr'>,Α</span> 
     </span>
     <span class='ocr_line' id='line_1_47' title="bbox 2274 635 2294 653; baseline 0 0"><span class='ocrx_word' id='word_1_376' title='bbox 2274 635 2294 653; x_wconf 58' lang='grc' dir='ltr'>ω,</span> 
     </span>
     <span class='ocr_line' id='line_1_48' title="bbox 2262 735 2292 769; baseline 0 0"><span class='ocrx_word' id='word_1_377' title='bbox 2262 762 2268 769; x_wconf 47' lang='lat'><em>2</em></span> <span class='ocrx_word' id='word_1_378' title='bbox 2277 735 2292 769; x_wconf 66' lang='lat'>3-</span> 
     </span>
     <span class='ocr_line' id='line_1_49' title="bbox 2262 768 2294 818; baseline 0 0"><span class='ocrx_word' id='word_1_379' title='bbox 2262 768 2294 818; x_wconf 59' lang='grc' dir='ltr'>*ἶ</span> 
     </span>
     <span class='ocr_line' id='line_1_50' title="bbox 2278 823 2294 879; baseline 0 -25"><span class='ocrx_word' id='word_1_380' title='bbox 2278 823 2294 879; x_wconf 58' lang='lat'>{³</span> 
     </span>
     <span class='ocr_line' id='line_1_51' title="bbox 2279 890 2283 903; baseline 0 0"><span class='ocrx_word' id='word_1_381' title='bbox 2279 890 2283 903; x_wconf 67' lang='lat' dir='ltr'><strong>t</strong></span> 
     </span>
     <span class='ocr_line' id='line_1_52' title="bbox 2278 927 2294 959; baseline 0.188 -3"><span class='ocrx_word' id='word_1_382' title='bbox 2278 927 2294 959; x_wconf 58' lang='grc' dir='ltr'><em>ιε</em></span> 
     </span>
     <span class='ocr_line' id='line_1_53' title="bbox 2279 993 2287 1003; baseline 0 0"><span class='ocrx_word' id='word_1_383' title='bbox 2279 993 2287 1003; x_wconf 63' lang='lat' dir='ltr'>k</span> 
     </span>
     <span class='ocr_line' id='line_1_54' title="bbox 2278 1053 2294 1087; baseline 0 -3"><span class='ocrx_word' id='word_1_384' title='bbox 2278 1053 2294 1087; x_wconf 60' lang='grc' dir='ltr'><em>ι</em></span> 
     </span>
    </p>
   </div>
  </div>
 </body>
</html>
