2372 4030
444 346 581 416 DE
607 346 922 445 CARM.
950 347 1231 419 EPICO
1265 353 1624 456 VIRGIL.
1719 386 1910 440 xxxv

259 521 354 602 eis
376 535 578 601 notus
602 535 768 599 erat,
817 536 889 587 ut
952 522 1175 591 Circes
1230 523 1509 598 insulam
1576 532 1905 628 (Circeios

259 633 468 728 Latii)
502 659 620 727 pro
651 635 961 713 extremis
1009 640 1362 710 occidentis
1396 644 1636 714 finibus
1670 648 1904 722 habere

254 747 436 826 etad
466 748 608 818 haec
635 751 803 828 loca,
854 766 1196 845 tamquam
1225 755 1556 849 incognita
1587 778 1649 827 et
1683 787 1902 832 rerum

253 862 583 942 miraculis
612 865 961 955 gignendis
994 867 1247 945 idonea,
1298 886 1393 936 tot
1428 869 1712 940 fabulose
1753 900 1904 943 nar-

249 993 387 1056 rata
418 976 653 1051 referre
682 972 886 1068 poffet
921 980 1274 1048 Homerus,
1373 983 1669 1051 Primum
1699 1003 1840 1054 tum
1863 1012 1900 1055 a

250 1090 502 1172 Gxaecis
576 1093 907 1184 navigatio
992 1096 1158 1162 ultra
1230 1098 1522 1164 Siciliam
1592 1098 1901 1192 frequen-

250 1203 370 1280 taxi
420 1204 647 1296 coepit,
717 1228 876 1274 cum
931 1208 1014 1278 ad
1082 1210 1245 1281 illud
1312 1226 1571 1301 tempus
1623 1212 1901 1280 Phoeni-

248 1342 351 1386 ces
406 1318 519 1384 illa
573 1321 778 1388 maria
804 1337 1120 1402 tenerent,
1179 1323 1300 1390 nifi
1362 1325 1539 1416 quod
1605 1350 1639 1390 e
1701 1327 1897 1392 Creta

243 1431 520 1532 aliisque
574 1435 743 1512 fonte
768 1469 773 1474 ·
801 1436 1029 1505 insulis
1085 1460 1310 1530 paucae
1362 1462 1555 1506 naves
1609 1439 1895 1513 Siciliam

241 1544 530 1625 adibant.

331 1778 607 1845 Errores
662 1776 766 1846 isti
817 1778 1060 1845 heroum
1112 1778 1190 1844 ab
1221 1778 1342 1845 Ilio
1372 1779 1746 1858 redeuntium
1778 1803 1891 1846 va-

236 1890 349 1963 riis
379 1892 767 1961 Gxaecorum
819 1892 1191 1985 carminibus
1219 1893 1430 1982 epicis,
1480 1909 1636 1971 Νόςοι
1676 1917 1747 1958 ea
1786 1895 1891 1959 in-

238 2002 474 2099 scripta
502 2020 705 2081 etant,
753 2004 1095 2073 materiam
1127 2020 1189 2070 et
1231 2020 1690 2096 argumentum
1720 2029 1890 2097 prce-

236 2118 507 2197 buerant
526 2152 551 2198 3
596 2144 752 2213 ,quae
781 2120 830 2187 fi
864 2119 943 2187 ad
978 2137 1273 2213 tempora
1303 2119 1512 2188 nostra
1557 2119 1885 2212 pervenis-

231 2235 397 2317 sent,
446 2238 636 2330 plura
659 2237 832 2306 forte
858 2237 1128 2330 vestigia
1161 2238 1230 2306 in
1259 2238 1339 2305 iis
1372 2235 1885 2329 deprehendere-

231 2377 409 2447 muS,
447 2356 686 2447 quibus
711 2356 1030 2447 Virgilius
1061 2353 1370 2422 institerat
1395 2386 1417 2432 ς
1469 2352 1885 2446 quandoqui-

231 2469 388 2550 dem
418 2471 489 2539 in
517 2468 713 2539 fimili
743 2486 1128 2561 argumento
1159 2493 1315 2536 cum
1370 2470 1450 2535 iis
1488 2466 1876 2536 versabatur.

229 2584 355 2664 Sed
374 2584 634 2662 :eaedem
662 2582 944 2652 historiae
967 2583 1076 2650 seu
1099 2580 1336 2648 fabulae
1364 2582 1444 2648 de
1467 2581 1879 2650 Achivorum

225 2699 443 2776 ‚reditu
504 2721 765 2791 magnae
828 2699 1266 2794 tragaediarum
1308 2699 1669 2766 Graecarzcm
1707 2697 1879 2787 parti

228 2813 572 2894 materiam
591 2813 1016 2906 subjecerant,
1054 2829 1127 2880 ut
1160 2813 1462 2905 inprimis
1495 2836 1577 2878 ex
1610 2813 1876 2902 Euripi-

227 2928 312 3004 de
340 2944 629 3033 appare-t,
678 2944 741 2995 et
766 2930 987 3000 ,multo
1020 2931 1228 3021 magis
1264 2951 1345 2994 ex
1385 2943 1482 2995 tot
1515 2926 1875 3018 deperdita-

223 3063 376 3109 rum
407 3043 612 3110 titulis
645 3042 1052 3134 intelligitur.
1105 3044 1212 3110 Ex
1243 3044 1629 3110 Graecorum
1653 3055 1871 3106 autem

114 3154 117 3158 ⁴
220 3156 584 3248 tragoed·i‘iS‚
632 3157 935 3250 inPrimis
968 3157 1330 3249 Euripidis,
1381 3155 1650 3222 omnino
1702 3151 1871 3243 poie-

219 3253 358 3355 tam
386 3257 752 3363 plurimum
779 3269 1117 3364 profeciffe
1170 3293 1253 3343 ex
1305 3267 1513 3359 iisque
1559 3265 1867 3335 orationis

219 3385 352 3454 suae
378 3387 770 3479 dignitatem
794 3389 1032 3482 paflirn
1056 3407 1117 3456 et
1147 3386 1568 3480 majestatem,
1615 3383 1866 3450 senten-

221 3501 460 3570 tiarurn
513 3529 783 3600 quoque
843 3531 1142 3587 acumen,
1191 3502 1649 3597 granditatem,
1696 3517 1865 3589 Pon·

307 3618 522 3690 ΤοΜ.
560 3643 656 3691 11.
1122 3643 1162 3688 c
1713 3611 1861 3686 dus,
