2294 4030
451 325 570 391 630
686 319 756 380 P.
807 307 1285 377 VIRGILII
1343 297 1842 367 MARONIS

459 488 790 551 Observans
818 499 955 562 quae
978 477 1146 559 figna
1171 463 1380 544 ferant,
1406 488 1529 550 quo
1547 467 1786 529 tendere
1813 475 2089 548 perga-nt.

459 599 766 663 Pascentes
795 593 917 654 illae
947 602 1182 650 tantum
1205 581 1446 664 prodire
1472 581 1748 667 volando,

464 713 779 793 Qantum
799 701 924 763 acie
941 697 1170 779 poffent
1182 667 1580 754 oculis‘ervare
1592 691 1958 772 sequentum.
1981 701 2097 750 200
2118 720 2122 724 ·
2159 766 2168 784 1

466 822 636 895 Inde,
664 817 768 878 ubi
795 831 1003 874 venere
1033 810 1108 868 ad
1136 807 1330 867 fauces
1357 804 1756 885 graveolentis
1783 799 2030 872 Averni,

469 935 719 998 Tollunt
748 928 806 988 se
831 926 1082 992 celeres;
1126 919 1544 1001 liquidumque
1571 937 1681 998 per
1709 913 1842 975 aera
1869 888 2047 973 labsae

471 1044 718 1109 Sedibus
746 1037 963 1119 optatis
992 1032 1253 1116 geminae
1282 1027 1455 1108 super
1481 1027 1690 1086 arbore
1714 1025 1910 1085 fidunt
1929 1047 1947 1084 ι

472 1156 746 1221 Discolor
773 1151 931 1212 unde
960 1146 1087 1207 auri
1117 1164 1223 1225 per
1250 1161 1447 1202 ramos
1477 1161 1617 1201 aura
1645 1138 1891 1200 refulfit.

475 1271 668 1354 Qale
698 1267 843 1327 solet
870 1261 1031 1324 silvis
1061 1256 1322 1319 brumali
1352 1254 1579 1336 frigore¹
1603 1254 1838 1316 viscum
1994 1268 2106 1333 205

476 1382 710 1447 Fronde
739 1380 928 1440 virere
956 1395 1130 1443 nova,
1174 1371 1338 1453 quod
1365 1389 1489 1429 non
1516 1368 1615 1430 sua
1645 1369 1894 1430 seminat
1921 1371 2116 1444 arbOS,
2180 1451 2183 1454 .
2256 1391 2290 1453 3?

532 1589 619 1632 197.
652 1577 810 1631 Duplex
825 1575 974 1615 iterum
988 1571 1103 1612 codd.
1127 1566 1305 1615 familia;
1333 1567 1456 1605 Rom.
1477 1578 1570 1605 eum
1588 1564 1690 1613 aliis,
1705 1567 1822 1609 Alma
1835 1578 1896 1624 p„
1915 1568 2121 1612 Mediceus

482 1657 575 1685 cum
594 1642 645 1682 al.
663 1645 772 1684 Diva
785 1652 857 1695 p.;
886 1638 962 1677 hoc
976 1634 1128 1687 recepit
1148 1631 1286 1685 Heins.
1403 1629 1496 1681 198.
1524 1644 1592 1683 quo
1611 1628 1648 1684 s,
1664 1627 1798 1684 serant
1827 1632 1931 1686 conj.
1954 1632 2125 1683 Voffius,

483 1708 552 1748 sed
570 1706 765 1748 columbae
788 1705 924 1744 ferunt
951 1700 1107 1754 fignum
1130 1706 1170 1737 et
1191 1695 1410 1744 ostentum,
1439 1703 1615 1747 pergunt
1634 1693 1863 1747 pascentes:
1905 1697 1979 1738 171ae
2004 1698 2125 1739 multi

485 1786 550 1826 ap,
591 1775 729 1811 gurm,
843 1779 937 1810 200,
977 1767 1118 1822 pqffunt
1155 1775 1218 1816 pr.
1255 1760 1452 1801 Rottend.
1490 1768 1531 1800 et
1570 1763 1693 1808 ven„
1729 1774 1812 1802 non
1848 1763 1969 1806 male.
2034 1769 2128 1806 acies

486 1837 643 1878 Medic.
669 1850 692 1875 a
710 1849 767 1875 m.
797 1847 860 1887 pr-
908 1832 1071 1888 speffare
1090 1827 1253 1868 Vratiss.
1300 1823 1476 1883 sequendo
1494 1836 1562 1877 qu.
1588 1825 1744 1867 Moret.
1860 1838 1950 1878 203.
1976 1830 2128 1882 geminae

487 1902 631 1943 Burm.
662 1899 828 1953 recepit,
863 1906 911 1938 ut
937 1906 1074 1936 tamen
1109 1892 1248 1933 mallet
1280 1899 1475 1944 praeterea
1504 1889 1617 1942 legia
1660 1893 1880 1947 geminaeque
1900 1891 1971 1948 sub
2004 1892 2130 1934 arbore

479 1969 621 2023 fidunt,
661 1971 686 1991 “
708 1964 800 2017 quia
820 1975 910 2002 raro
931 1959 1137 1999 columbas
1155 1956 1339 1996 videmus
1365 1952 1498 1992 arbori
1522 1951 1746 2000 insidentes,
1779 1953 1927 1994 sedvel
1948 1955 1988 1994 in
2013 1954 2134 1996 teffls

490 2038 521 2059 ⁸⁶
542 2030 691 2071 aedium
710 2027 777 2067 vel
795 2027 934 2066 humo.
954 2023 981 2042 '’
1038 2020 1117 2062 Sed
1150 2021 1199 2060 de
1229 2016 1470 2060 filvestribus
1499 2017 1693 2058 columbis
1718 2018 1784 2059 seu
1815 2017 2015 2073 palumbis
2044 2027 2134 2060 erat

494 2093 769 2147 cogitandum.
822 2092 962 2145 gemina
979 2087 1092 2142 super
1118 2086 1243 2125 arbore
1283 2080 1467 2121 Heinfius
1484 2091 1758 2131 revocaverat,
1786 2081 1997 2133 librorum,
2018 2093 2134 2137 puto,

497 2157 755 2204 audioritate,
780 2155 886 2194 inter
901 2165 1000 2206 quos
1017 2149 1164 2191 Medic.
1186 2158 1229 2187 et
1248 2149 1385 2194 Rom„
1412 2146 1504 2188 add.
1529 2146 1624 2187 Ald.
1647 2159 1710 2201 pr.
1762 2148 1823 2187 Ita
1842 2144 1960 2188 arbor
1971 2145 2139 2202 duplicis
2280 2195 2284 2212 Ι

498 2222 633 2263 trunci
652 2221 694 2260 in
718 2230 930 2259 commune
955 2212 1140 2254 coEuntis
1154 2211 1358 2265 fastigium
1377 2210 1432 2251 est
1451 2209 1735 2264 intelligenda3
1774 2225 1865 2265 quae
1880 2211 1956 2252 hac
1979 2212 2063 2266 ipsa
2079 2210 2140 2253 sui
2180 2217 2183 2219 “
2248 2218 2251 2226 ’

498 2284 629 2339 specie
648 2282 834 2323 notabilis
853 2290 894 2320 et
913 2276 1074 2331 insignis
1087 2274 1175 2315 fieri
1195 2283 1367 2328 poterat.
1396 2276 1485 2314 Hoc
1504 2272 1674 2314 voluisse
1693 2274 1852 2316 videtur
1875 2275 2139 2330 Cunningha-

505 2363 610 2396 mus,
629 2348 759 2401 quiad
775 2347 826 2385 L.
850 2356 899 2385 10
913 2345 953 2384 D
973 2342 1105 2381 arbor.
1130 2340 1274 2379 furtim
1294 2338 1379 2378 caes.
1399 2348 1606 2393 provocat.
1627 2339 1668 2378 Si
1685 2348 1822 2380 tamen
1841 2339 2074 2381 adanorum
2093 2339 2141 2380 li·

504 2416 688 2462 brorum,
705 2422 751 2453 ut
764 2410 948 2463 Longob.
970 2418 1010 2447 et
1022 2406 1308 2446 nonnullorum
1326 2408 1561 2459 ap.Burm.,
1577 2405 1792 2446 lectionem
1802 2408 1991 2464 geminaes.
2013 2423 2050 2449 a.
2079 2419 2144 2447 re-
2170 2411 2173 2414 ⁴

508 2479 662 2534 spicias,
680 2474 888 2516 manifesta
906 2486 970 2512 res
989 2471 1059 2519 est,
1072 2470 1157 2523 ejus
1170 2470 1500 2523 depravationem
1512 2468 1588 2509 esse
1605 2468 1773 2511 alteram
1787 2471 1914 2520 illam,
1927 2485 1976 2512 ex
1987 2471 2145 2513 librari-

510 2557 631 2585 orum
664 2540 831 2581 sollenni
853 2540 893 2578 in
927 2536 1121 2577 similibus
1153 2535 1319 2575 incuria.
1365 2537 1517 2590 gemina
1549 2535 1635 2588 jam
1673 2536 1853 2589 Nauger.
1887 2535 2144 2590 praetuleratt

510 2607 719 2648 deseruere
738 2605 887 2643 iterum
900 2600 983 2648 alii,
1001 2599 1123 2639 etiam
1140 2598 1336 2652 Angelius
1353 2599 1396 2637 in
1416 2602 1529 2652 Junt.
1550 2606 1591 2637 et
1605 2598 1802 2651 Egnatius
1823 2609 2147 2650 1507.——-204.

512 2686 600 2714 auro
621 2671 742 2707 Rom.
764 2679 805 2706 et
831 2678 896 2719 pr.
919 2663 1128 2712 Rottend.‚
1145 2663 1265 2703 male.
1306 2676 1399 2702 aura
1415 2665 1499 2702 auri
1517 2670 1558 2701 et
1576 2674 1638 2701 res
1656 2661 1714 2714 (v,
1734 2662 1854 2717 Not.)
1873 2671 1914 2702 et
1934 2664 2149 2703 Gramma-

516 2736 590 2777 tici
613 2741 779 2774 tuentur
808 2729 914 2785 apud
947 2726 1285 2769 Burm.-—-206.
1313 2730 1445 2768 nmina
1464 2726 1566 2767 arbos
1600 2725 1786 2767 indoctus
1803 2725 1988 2768 librarius
2015 2724 2148 2770 Goth.

515 2812 580 2857 pr·

508 2936 663 3001 figna,
715 2931 849 2996 quale
892 2928 1153 2995 augurium,
1187 2927 1301 2992 quid
1362 2927 1550 2989 'luminis
1585 2945 1724 2976 aurae.
1757 2925 1820 2977 cf.
1864 2926 1912 2976 h.
1950 2927 1985 2976 l.
2029 2929 2153 2980 Serv·

521 2997 770 3048 ostendant.
1386 2992 1464 3039 Sic
1515 2996 1639 3056 φάεος
1677 2995 1824 3054 ἀϋτμὴ
1877 2992 2066 3054 Gallim.
2107 2994 2157 3043 in

590 3057 1305 3122 -
1387 3055 1980 3171 ”32212233053115321’33
1993 3058 2160 3175 231202112

529 3126 814 3254 Ξῖἶςᾜξὶἰς
833 3140 1080 3250 eleganter,
1098 3139 1305 3243 331'bore,
1356 3170 1357 3174 Ἰ
1389 3136 1580 3248 cIl'mprie
1598 3185 1647 3233 in
1661 3137 1804 3234 odgre
1823 3186 1977 3234 locum
1989 3139 2139 3236 habletz.

531 3271 669 3319 quam
710 3254 865 3301 volatu
907 3251 1145 3317 petierant.
1210 3257 1312 3298 auri
1454 3264 1729 3316 205-209,
1780 3251 1856 3299 De
1888 3251 2031 3306 visco,
2067 3250 2163 3300 ftu-

532 3337 662 3375 aura,
700 3317 928 3381 splendor.
995 3317 1122 3365 Aura
1158 3315 1216 3363 de
1238 3315 1309 3362 lu-
1389 3311 1482 3361 tice
1522 3313 1755 3380 glutinoso
1799 3314 1850 3362 in
1887 3331 2059 3390 querno
2093 3329 2166 3364 ar·-

536 3380 672 3429 minis
691 3380 1050 3430 reverberatione
1070 3378 1307 3445 exquifite.
1387 3377 1553 3428 borum
1606 3394 1771 3444 genere
1823 3395 1960 3427 ramis
2015 3378 2164 3430 enasci
2249 3369 2278 3389 ’“

537 3463 583 3495 v.
610 3446 672 3498 V.
696 3445 755 3494 L.
787 3447 846 3494 ad
868 3446 962 3495 Ge.
983 3445 1053 3504 Il,
1095 3462 1182 3510 47,
1232 3443 1314 3493 ubi
1390 3441 1545 3503 solite,
1578 3443 1700 3493 unde
1720 3442 1948 3512 glutinum
1966 3455 2164 3512 paratur,
