2294 4030
472 328 594 402 654
690 313 1304 395 P.V1RG1L11
1400 314 1897 414 Mna-oms

465 504 675 552 rumque,
708 484 789 549 qui
821 482 933 532 falso
966 480 1161 530 crimine
1191 480 1398 554 damnati
1441 482 1590 548 capite
1622 482 1898 550 supplicium
1918 489 2118 549 Inerant,

464 575 552 623 iter
588 572 775 626 faciens,
807 568 1015 634 pervenit
1044 567 1103 615 ad
1135 564 1287 639 sedem
1308 582 1489 626 eorum,
1522 567 1625 646 qui„
1640 571 1807 622 amoris
1825 573 2112 641 impatientia

462 678 617 709 manus
639 659 720 707 fibi
739 658 892 707 conse
878 657 1256 721 merant-„449¹
1249 654 1351 703 lbi
1374 643 1568 712 Elisam
1566 653 1861 730 conspicatus
1880 680 1985 721 cum
2002 666 2047 713 ei
2068 665 2114 714 se

458 762 666 812 purgare
676 744 828 799 vellet,
862 743 941 792 illa
958 719 1305 818 indignabunda
1322 734 1613 825 conspekium
1631 749 1730 811 ejus
1749 749 2113 819 effugit—476:

458 835 569 883 inde
589 832 839 898 progressus
864 828 1194 893 Deiphobum
1179 845 1228 877 m
1249 810 1430 878 i'edibus
1451 842 1627 890 eorum3
1660 835 1741 898 qui
1763 823 1885 885 bello
1903 839 2109 905 aliquan-

455 923 520 969 do
562 922 830 974 claruerant,
875 914 1030 964 multis
1066 896 1332 972 vulneribus
1366 917 1564 966 lacerum
1607 922 1856 987 conspicit,
1891 925 2106 990 necisque

454 1011 548 1073 ejus
576 1007 816 1070 indignum
851 1003 1049 1063 modum
1073 1002 1131 1050 ab
1152 1002 1580 1078 1ps0hedocetur—-5
1588 1023 1666 1077 34
1736 1009 1917 1060 ΒεῙίἑῖο
1938 1010 2106 1062 deinde

454 1096 514 1145 ad
555 1096 712 1142 laevam
733 1092 946 1147 Tartaro,
981 1089 1387 1155 sceleratorumque
1407 1109 1564 1156 poenas
1598 1102 1630 1141 a‘
1659 1088 1836 1159 Sibylla
1854 1097 2104 1147 edostus—

452 1190 565 1251 627,
598 1183 654 1230 ad
677 1180 802 1231 Ditis
824 1180 962 1245 ipfius
983 1180 1152 1228 moenia
1174 1179 1433 1238 contendit,
1458 1167 1733 1248 aureumque
1755 1201 1932 1234 ramum
1956 1187 2006 1236 in
2025 1189 2102 1254 ip..

449 1270 499 1319 so
522 1271 654 1335 regiae
676 1269 833 1316 limine
856 1268 1196 1333 defigit-636.
1264 1269 1363 1316 Post
1398 1269 1494 1317 haec
1530 1271 1589 1319 ad
1621 1272 1955 1322 fortunatorum
1977 1275 2102 1326 sedes

444 1357 534 1405 iter
573 1354 784 1408 instituit,
840 1366 883 1400 et
918 1371 943 1401 a
978 1353 1156 1401 Musaeo
1194 1355 1253 1401 ad
1291 1366 1462 1419 patrem
1497 1356 1627 1404 suum
1650 1357 2096 1426 perducitur—678.

444 1442 518 1489 Ibi
541 1440 758 1488 Anchises
786 1438 974 1486 AEneam
1012 1437 1159 1485 filium
1202 1439 1454 1487 animarum
1477 1441 1722 1507 originem,
1756 1443 2095 1507 purgationem,

443 1543 487 1579 et
510 1526 944 1577 consummationem
978 1526 1159 1582 edocet,
1191 1526 1326 1589 eique
1366 1526 1650 1581 Albanorum
1687 1531 2096 1598 Romanorumque

441 1630 599 1680 regum
653 1609 880 1659 recensum
916 1609 1048 1665 facit,
1100 1609 1417 1675 nobiliumque
1452 1610 1627 1677 aliquot
1661 1613 1975 1667 Romanorum
2009 1637 2091 1668 no-

438 1704 561 1751 mina
581 1714 859 1766 percurrens,
891 1697 949 1744 ad
971 1695 1088 1759 Julii
1112 1696 1305 1743 Caesaris
1327 1709 1372 1744 et
1391 1699 1587 1763 Augusti
1617 1699 1772 1748 laudes
1792 1701 2089 1752 descendit-

438 1792 567 1839 860:
621 1786 987 1848 Marcellumque
1020 1782 1226 1831 Octaviae
1260 1784 1427 1842 filium,
1460 1785 1702 1833 immatura
1728 1789 1876 1835 morte
1895 1805 2088 1857 praerep-

428 1892 546 1934 tum,
581 1877 708 1927 miris
744 1876 792 1922 in
812 1875 971 1922 caelum
989 1873 1200 1921 laudibus
1225 1874 1534 1924 effert—888.
1599 1875 1716 1923 Inde
1735 1893 1815 1941 per
1834 1877 2080 1943 eburneam

431 1977 608 2033 portam
629 1965 688 2012 ad
710 1964 901 2027 Superos
922 1961 1130 2045 egreffuS‚
1151 1960 1296 2009 socios
1317 1977 1393 2010 rev
1383 1960 1489 2019 ifit,
1511 1960 1766 2030 reliffisque
1783 1963 1945 2013 Cumis
1969 1967 2083 2017 Cai-

430 2066 550 2103 etam
572 2052 703 2117 petit.

494 2136 648 2182 Etiam
685 2134 773 2181 hoc
811 2130 1065 2205 episodium
1100 2130 1213 2179 libri

427 2201 542 2249 sexti
589 2199 646 2247 ab
697 2195 953 2261 argumenti
1003 2195 1213 2244 AEneidis

427 2267 598 2314 summa
640 2264 855 2333 alienum,
907 2261 1060 2325 paullo
1110 2261 1211 2308 lon-

424 2331 528 2395 'gius
565 2329 755 2394 petitum
776 2338 822 2372 et
843 2325 892 2372 in
914 2341 1077 2400 magna
1112 2324 1210 2374 sua·

1291 2128 1470 2202 sponsa,
1483 2129 1647 2178 futurae
1663 2129 1830 2179 subolis
1848 2132 2076 2183 recensum

1292 2192 1344 2241 in
1381 2194 1629 2243 subfidium
1663 2195 1882 2243 adhibere
1916 2197 2075 2246 soleat.

1292 2258 1762 2308 Animadvertendum
1807 2278 1945 2335 porro
1993 2264 2074 2320 est,

1289 2323 1489 2386 primum
1511 2325 1666 2374 AEneae
1686 2326 1745 2373 ad
1764 2323 1944 2374 ltaliam
1967 2326 2069 2374 adi-

1288 2399 1387 2435 tum
1423 2387 1508 2436 hac
1540 2389 1798 2438 narratione
1832 2391 2074 2465 dignitatis

1287 2463 1333 2500 et
1357 2454 1594 2516 majestatis
1632 2453 1859 2528 religiosae
1900 2455 1994 2503 vim
2023 2469 2071 2506 et

1284 2517 1506 2567 honorem
1544 2519 1784 2583 accipere5
1840 2535 1923 2568 nec
1957 2518 2070 2569 alie-

1284 2598 1394 2630 num
1438 2583 1495 2635 ab
1536 2583 1745 2631 AEneidis
1803 2597 2070 2650 argumento

1281 2648 1551 2711 posteritatis
1618 2647 1849 2697 recensum
1908 2650 2066 2700 haberi

1278 2713 1422 2775 poss‘e;
1478 2713 1688 2788 inprimis
1741 2729 1798 2762 ex
1831 2713 2066 2768 Romano-

1278 2793 1399 2833 rum,
1453 2778 1618 2842 quibus
1659 2777 1782 2827 suam
1821 2778 2063 2828 AEneidem

1274 2841 1504 2890 condebat
1523 2848 1679 2908 poeta,
1711 2843 1877 2891 animis
1907 2857 1952 2893 et
1981 2847 2060 2908 ju-

1273 2906 1429 2954 diciis.
1500 2907 1727 2955 Videntur
1747 2911 1916 2966 autern,
1953 2910 2061 2957 Ho-

1273 2973 1388 3021 meri
1406 2973 1457 3021 in
1475 2972 1672 3037 Odyffm
1693 2974 1922 3051 exemplo,
1957 2974 2058 3024 Ne·
2089 3026 2092 3029 Α

1270 3053 1327 3099 c)
1331 3037 1387 3085 iae
1403 3054 1430 3084 a
1448 3038 1604 3087 multis
1624 3037 1776 3103 paffim
1796 3039 1945 3104 po'etis
1959 3041 2057 3106 epi-

1269 3101 1335 3149 cis
1378 3101 1507 3151 fuiss‘e
1548 3101 1869 3167 frequentatae3
1922 3105 2052 3157 conf.

1268 3166 1354 3215 inf.
1381 3166 1569 3217 Excurs.
1591 3168 1656 3226 I;-
1679 3179 1890 3232 poterant
1924 3170 2056 3219 enim

1264 3232 1336 3280 hat
1356 3232 1636 3282 narrationes
1653 3232 1816 3281 habere
1838 3241 2049 3300 magnam

1262 3296 1358 3346 vim
1379 3298 1438 3347 ad
1460 3298 1636 3348 animos
1657 3298 1874 3346 mirarum
1895 3315 2047 3349 rerum

421 2396 567 2444 vitate
621 2406 771 2440 tamen
825 2390 1095 2437 narrationis
1140 2402 1204 2446 et,

422 2477 558 2524 quam
592 2459 671 2505 illa
707 2455 861 2511 habet,
893 2454 1206 2502 delcetationis

420 2525 602 2572 cursum
638 2522 799 2576 fistere,
831 2520 1052 2584 impetum
1080 2519 1203 2566 inhi-

417 2590 541 2646 bere,
578 2586 777 2634 Homius
799 2584 1024 2634 censebat.
1091 2583 1200 2632 Hoc

414 2669 526 2702 vero
545 2653 606 2701 est
621 2656 806 2716 poetam
828 2649 877 2696 in
889 2649 1095 2697 ordinem
1119 2666 1198 2696 co-

415 2723 541 2782 gere,
574 2717 633 2764 ad
676 2713 909 2763 annalium
950 2715 1196 2762 formulam

415 2798 646 2839 revocare,
675 2792 722 2828 et
750 2795 906 2828 omnes
926 2778 1103 2852 ingenii
1127 2778 1196 2826 vi-

415 2864 480 2896 res
511 2846 776 2910 infringere.
843 2843 921 2892 Est
952 2844 1075 2891 enim
1104 2842 1194 2892 hoc

410 2913 533 2960 inter
555 2918 703 2975 poetae
718 2908 839 2985 epici
859 2907 1067 2964 artificia,
1086 2924 1192 2956 cum

411 2977 463 3024 in
552 2992 638 3024 una
702 2976 880 3023 actione
935 2973 1192 3022 detexenda
1225 2995 1229 3019 ;

409 3058 591 3090 carmen
613 3039 795 3106 epicum
811 3041 1093 3099 coerceatur,
1118 3050 1188 3095 ut,

406 3106 636 3154 variandae
657 3104 931 3153 narrationis
959 3103 1187 3168 depellen-

407 3171 547 3234 dique
570 3170 799 3219 subeuntis
829 3168 998 3217 fastidii
1020 3168 1187 3225 cauffa,

400 3235 463 3281 ad
503 3235 617 3283 alia
635 3247 915 3288 ornamenta,
957 3233 1095 3282 etiam
1126 3233 1187 3281 ad

405 3299 591 3349 seriores
625 3300 849 3357 historias,
883 3297 1189 3347 descendere·
1172 3317 1189 3357 ;

402 3376 558 3428 utque,
600 3366 711 3415 dum
755 3363 997 3413 miratione
1034 3378 1183 3425 rerum
1262 3362 1411 3427 specie
1449 3364 1683 3412 tenendos.
1751 3361 1891 3414 Vidit
1922 3380 2043 3486 g?-

402 3427 619 3477 novarum
636 3442 682 3478 et
701 3429 982 3478 insolitarum
1004 3427 1180 3476 animos
1261 3438 1382 3475 terea
1416 3426 1663 3492 Virgilius,
1694 3444 1778 3492 pro
1810 3427 1936 3474 hero*

400 3492 682 3541 audientium
716 3501 918 3550 teneat,
934 3492 1176 3549 vaticinia,
1257 3509 1372 3556 quos
1416 3491 1648 3544 Homerus
1698 3505 2041 3554 commemorat,

400 3556 590 3617 somnia,
623 3558 758 3609 etiam
794 3569 1076 3608 mortuorum
1106 3574 1175 3606 re-
1235 3556 1300 3607 se
1324 3556 1568 3607 Platonicis
1585 3557 1850 3607 commentis
1865 3555 1922 3603 de
1934 3556 2038 3670 limi-

886 3640 906 3673 1
947 3647 961 3658 -
1861 3637 1933 3671 ma
1969 3637 2038 3678 ηε,
