2294 4030
452 312 573 403 {5132
683 316 1294 395 P.v1RG1L11
1359 309 1876 383 MARoN1s

464 501 727 582 Adcepit
751 499 966 570 Roma,
1006 510 1066 556 et
1091 493 1354 575 patrium
1382 488 1634 551 servavit
1656 488 1986 558 honorem

466 613 764 695 Trojaque
789 631 966 683 nunc,
1005 609 1176 690 pueri
1205 606 1547 687 Trojanum
1568 602 1789 664 dicitur
1815 621 2055 683 agmen.

462 728 602 791 Hac
625 727 918 805 celebrata
943 742 1112 786 tenus
1137 721 1335 781 sancto
1362 717 1688 779 certamina
1712 718 1894 798 patri.

543 838 671 903 Hic
700 840 967 922 primum
993 835 1254 894 Fortuna
1279 831 1466 892 fidem
1493 845 1723 892 mutata
1747 830 2019 891 novavit.

461 957 632 1021 Dum
660 953 833 1013 variis
857 949 1090 1010 tumulo
1118 946 1377 1009 referunt
1403 945 1710 1006 sollemnia
1735 944 1927 1006 ludisz
1986 943 2102 1024 605

466 1079 617 1139 Irim
644 1076 718 1134 de
746 1071 906 1132 coelo
934 1068 1094 1129 misit
1123 1068 1395 1129 Saturnia
1423 1067 1583 1146 Juno

464 1195 711 1256 Iliacam
734 1192 809 1251 ad
837 1188 1093 1262 claffem,
1132 1187 1455 1269 ventosque
1481 1176 1739 1270 adspirat
1768 1176 1953 1258 eunti,

466 1311 668 1371 Multa
681 1326 920 1370 movens
924 1353 942 1381 ,
954 1306 1212 1367 necdum
1222 1307 1537 1389 antiquum
1552 1307 1803 1368 saturata
1817 1304 2111 1365 doloremz

517 1479 609 1519 602.
632 1479 737 1532 pueri
766 1485 798 1516 et
832 1475 901 1516 Tr.
923 1475 985 1515 ed.
1013 1478 1116 1516 Ven.
1135 1476 1272 1515 dicimus
1289 1474 1465 1516 Dorvill.
1515 1477 1650 1515 ducitur
1663 1472 1988 1524 Leid.-=--⁴-603.
2004 1469 2095 1526 fizcr

450 1539 800 1596 ·Big0t.---604.
833 1542 932 1579 Hinc
962 1539 1083 1579 multi
1110 1539 1218 1580 Pier.
1241 1548 1281 1579 et
1300 1540 1439 1580 Heius.
1454 1553 1500 1580 ac
1519 1541 1660 1579 Burm.
1716 1543 1857 1579 vocavit
1870 1538 1997 1578 Goth.
2014 1543 2111 1577 terss-

462 1622 488 1648 a
504 1621 559 1648 m.
581 1606 846 1660 pru—607.
872 1607 1021 1658 inspirat
1055 1618 1117 1658 pr.
1133 1604 1281 1645 Hamb.
1311 1618 1335 1643 a
1352 1617 1410 1646 m.
1444 1604 1519 1645 sec.
1538 1614 1579 1644 et
1607 1604 1738 1658 Sprot.

1853 1602 1947 1644 608.
1977 1614 2111 1641 monens

464 1666 670 1711 Montalb.
705 1679 746 1709 et
779 1670 841 1709 ed.
870 1671 1003 1722 Junt„
1027 1668 1145 1707 solito
1166 1667 1305 1721 lapsu:
1341 1670 1513 1720 stzturata
1529 1668 1644 1708 codd.
1683 1667 1788 1706 Pier.
1811 1675 1852 1706 et
1876 1666 2039 1706 suorum
2062 1677 2110 1704 ae

463 1734 651 1776 Arufiani
676 1730 805 1774 Meffii
820 1733 1057 1774 auetoritate
1076 1732 1243 1786 senique
1271 1731 1466 1774 suavitate
1493 1732 1645 1787 recepit
1663 1731 1799 1772 Heius.
1852 1729 1991 1785 Vulgo
2009 1731 2111 1784 exfiz-

458 1808 593 1843 iurata.

466 1951 644 2007 antiqua
666 1934 821 1997 Italia,
838 1950 882 1987 et
900 1940 959 1988 fic
978 1941 1151 1990 Latium
1167 1959 1248 1989 an-

467 2016 625 2071 tiquum
659 2005 744 2053 inf.
778 2005 895 2061 VII,
949 2010 1026 2068 38.
1093 2005 1249 2052 Aliter

458 2076 590 2137 prisci
605 2072 755 2119 Latini
773 2070 821 2117 in
843 2071 1066 2118 historicis
1083 2082 1129 2117 et
1141 2086 1249 2134 geo-

468 2135 716 2200 graphiciS,
749 2136 858 2182 dum
898 2135 1136 2199 antiquum
1162 2135 1251 2181 La-

467 2200 585 2248 tium
627 2213 672 2247 et
706 2215 872 2247 novum
896 2202 1027 2262 juxta
1048 2198 1249 2263 ponitur.

468 2269 582 2329 598.
634 2267 765 2312 docuit
801 2264 1008 2312 celebrare
1044 2285 1087 2312 eo
1120 2266 1248 2322 modo,

470 2349 547 2392 quo
566 2330 659 2392 ipse
678 2328 995 2377 celebraverat.
1029 2346 1075 2376 v.
1101 2327 1164 2376 V.
1189 2329 1248 2379 L.

470 2394 581 2451 601.
615 2394 817 2447 honorem,
850 2393 1007 2440 ludum
1030 2392 1087 2440 ab
1109 2392 1251 2458 origi-

467 2474 526 2505 ne
569 2458 645 2504 sua
687 2457 735 2505 in
773 2456 989 2504 Anchisae
1020 2458 1243 2506 honorem

467 2522 739 2571 institutum.
806 2526 917 2572 602.
953 2521 1039 2569 Pro
1053 2522 1253 2586 vulgari,

469 2588 594 2650 quod
615 2603 672 2633 ex
694 2585 912 2634 Suetonio
932 2588 988 2634 de
1010 2602 1249 2650 puerorum

469 2651 635 2699 lusibus
673 2650 852 2699 Servius
886 2651 1069 2698 laudat:
1117 2653 1186 2699 Lu
1204 2672 1251 2700 us

468 2720 566 2781 ipst’,
599 2736 714 2781 quem
734 2715 866 2781 evulgo
878 2715 1156 2779 Pyrrhicham
1171 2730 1250 2780 ap-

463 2780 648 2842 pellant,
693 2779 826 2845 Troja
860 2795 1058 2837 vocatur,
1110 2787 1250 2845 po‘eta

471 2844 632 2893 dixisse
663 2844 845 2893 videtur
866 2844 1156 2908 exquifitius:
1204 2858 1251 2894 et

470 2925 590 2957 nunc
613 2910 760 2957 honor
777 2909 873 2963 ille,
904 2909 976 2957 seu
1000 2908 1251 2965 ludicrum,

475 2972 626 3040 Trojct,
658 2994 807 3039 agmen
839 2985 988 3021 autem
1019 2975 1252 3047 ‘Trqjanum

471 3039 749 3102 appellantur
788 3037 945 3102 pueri3
1003 3038 1106 3087 Ali1
1149 3039 1242 3086 fic:

465 3111 607 3166 pueri,
620 3103 873 3164 Trojanum
893 3103 982 3150 hoc
1004 3119 1245 3167 puerorum

473 3182 653 3231 agmen,
702 3167 836 3231 Troja
875 3167 1145 3233 appellatur3
1201 3179 1248 3218 at

471 3238 662 3279 alterum
682 3230 843 3280 lenius,

540 3299 650 3359 604.
673 3295 771 3359 sqq.
805 3295 992 3344 Novum
1016 3295 1247 3345 avertendi

475 3358 701 3423 Trojanos
740 3360 798 3407 ab
841 3360 976 3408 Italia
1011 3360 1248 3410 confilium

476 3423 685 3484 Junonis,
715 3424 900 3473 incenfis
936 3425 1154 3484 navibu33
1188 3426 1247 3475 ad

473 3487 660 3535 ductum
674 3487 1015 3538 historiaeetiam
1037 3490 1142 3548 hoc,
1172 3489 1252 3539 etfi

475 3551 615 3598 variis
636 3551 783 3599 modis
802 3553 893 3601 fuit
912 3565 1158 3604 narratum.
1203 3572 1251 3606 v·

475 3613 665 3668 Excurss
678 3615 751 3667 VI
771 3620 828 3666 ad
850 3617 898 3671 h.
920 3618 955 3674 1.
1021 3619 1109 3669 Sed
1137 3624 1252 3684 poe.

1328 1951 1420 1989 tam
1443 1938 1632 1988 decebat
1665 1934 1761 1988 haec
1796 1938 1854 1986 ad
1875 1938 1970 1985 deae
1990 1937 2111 1985 Tro·

1322 2006 1441 2069 janis
1462 2005 1628 2052 infestae
1660 2003 2015 2052 machinationes
2037 2017 2111 2050 rea

1329 2071 1462 2118 ferre.
1528 2070 1673 2135 Qod
1700 2069 1839 2118 Iridis
1859 2066 2112 2116 ministerio

1329 2135 1476 2183 utitur
1516 2135 1658 2198 juno,
1715 2133 1914 2181 Homeri
1954 2148 2111 2179 exema
2146 2129 2152 2138 '

1329 2200 1408 2264 plo
1437 2199 1504 2247 fit.
1559 2217 1608 2247 vt
1646 2199 1742 2264 sup.
1776 2200 1835 2244 ad
1868 2196 1962 2254 IV,
1995 2197 2109 2261 6940

1327 2265 1423 2312 Cui
1481 2265 1683 2327 argutari
1740 2262 1887 2319 lubet,
1968 2261 2110 2309 ratio-

1330 2345 1433 2378 nem
1465 2344 1659 2394 quaerere
1700 2328 1842 2393 potest
1878 2327 1929 2375 in
1978 2324 2112 2374 iridis

1330 2406 1491 2441 natura
1523 2407 1569 2441 et
1593 2393 1767 2441 ratione
1789 2392 1847 2440 ad
1868 2402 2109 2440 ventorum
2171 2406 2174 2409 ⁴

1330 2459 1457 2505 vim:
1529 2458 1653 2507 idem
1714 2457 1913 2506 Homeri
1955 2471 2110 2503 exem*

1329 2523 1455 2587 plum
1478 2522 1619 2580 Iliad,
1642 2523 1706 2582 ψ,
1731 2527 1818 2588 198
1836 2521 1903 2586 sq.
1923 2519 2112 2568 excitet.-
2170 2519 2175 2522 ’

1331 2590 1588 2653 Argutatur
1655 2603 1838 2653 quoque
1913 2585 2112 2635 Servius·

1331 2652 1592 2700 Tranfitum
1642 2661 1670 2700 a
1705 2651 1819 2700 laetis
1849 2650 1908 2698 ad
1947 2647 2112 2707 tristia,

1328 2717 1531 2781 adeoque
1567 2715 1909 2764 delefiationem
1949 2731 2007 2762 ex
2041 2729 2113 2761 re-

1330 2798 1429 2829 rum
1442 2781 1659 2830 varietate
1668 2780 1799 2836 facile
1809 2777 2112 2843 unusquisque

1330 2846 1549 2901 observet.
1581 2845 1706 2895 conf.
1729 2845 1903 2910 Trapp.
1921 2844 1981 2891 ad
2000 2844 2048 2893 h·
2070 2841 2111 2894 l·
2195 2902 2197 2910 Α

1395 2914 1670 2974 604—610.
1703 2924 1870 2960 mutata
1904 2914 2112 2964 novavit,
2173 2919 2176 2927 “

1330 2991 1415 3038 pro
1439 2977 1653 3033 mutavit,
1685 2987 1857 3024 ornater
1911 2973 1977 3023 css
2001 2971 2121 3022 Ma-s*

1330 3039 1414 3090 nil.
1438 3039 1532 3096 IV,
1567 3046 1677 3108 580.
1714 3039 1925 3088 Fortunae
1959 3049 2111 3086 autem

1318 3107 1503 3168 perfidia
1523 3122 1575 3168 ac
1597 3108 1710 3169 fides
1730 3102 1917 3171 proprio
1949 3101 2012 3152 ali
2043 3115 2108 3151 uo

1326 3172 1468 3218 modo
1490 3170 1730 3226 tribuitur,
1762 3179 1982 3234 quatenus
2040 3165 2111 3214 al-

1325 3233 1383 3282 lit
1418 3234 1539 3298 spem
1573 3235 1646 3282 vel
1678 3234 1887 3282 sustentat
1905 3230 2111 3280 constan-

1326 3298 1392 3345 tia
1410 3310 1488 3346 aut
1509 3298 1693 3347 levitate
1708 3298 1802 3347 sua.
1865 3310 2012 3346 ventos
2025 3295 2108 3344 ad-

1308 3365 1458 3425 spirat
1496 3371 1628 3418 eunti,
1659 3364 1871 3428 p'raeclare
1889 3374 1993 3426 pro,
2023 3374 2108 3408 vo-

1325 3427 1495 3475 lantem
1521 3427 1703 3484 incitat,
1720 3440 1958 3493 properare
1972 3422 2107 3480 facit}

1333 3493 1458 3554 quod
1479 3492 1653 3558 optime
1672 3493 1722 3541 fit
1741 3503 1876 3539 vento
1909 3488 2109 3539 secundo

1333 3556 1416 3604 alis
1437 3556 1648 3605 immisso,
1679 3556 1742 3604 cf.
1753 3555 1859 3620 sup.
1881 3552 2110 3615 IV,·223·
2143 3579 2152 3586 ν
2182 3592 2186 3600 .

1331 3620 1473 3672 multa
1499 3640 1668 3674 movent
1707 3638 1751 3674 v.
1785 3618 1881 3688 sup.
1901 3617 2111 3749 {nggw

1954 3718 1972 3742 ,
2090 3709 2110 3732 0
