<?xml version="1.0" encoding="UTF-8"?>
<!DOCTYPE html PUBLIC "-//W3C//DTD XHTML 1.0 Transitional//EN"
    "http://www.w3.org/TR/xhtml1/DTD/xhtml1-transitional.dtd">
<html xmlns="http://www.w3.org/1999/xhtml" xml:lang="en" lang="en">
 <head>
  <title>
</title>
<meta http-equiv="Content-Type" content="text/html;charset=utf-8" />
  <meta name='ocr-system' content='tesseract 3.04.00' />
  <meta name='ocr-capabilities' content='ocr_page ocr_carea ocr_par ocr_line ocrx_word'/>
</head>
<body>
  <div class='ocr_page' id='page_1' title='image "./operavarietatele02virguoft/operavarietatele02virguoft_0780.png"; bbox 0 0 2294 4030; ppageno 0'>
   <div class='ocr_carea' id='block_1_1' title="bbox 393 290 1787 375">
    <p class='ocr_par' dir='ltr' id='par_1_1' title="bbox 393 290 1787 375">
     <span class='ocr_line' id='line_1_1' title="bbox 393 290 1787 375; baseline -0.007 -12"><span class='ocrx_word' id='word_1_1' title='bbox 393 301 514 375; x_wconf 82' lang='lat'>684</span> <span class='ocrx_word' id='word_1_2' title='bbox 629 298 697 360; x_wconf 87' lang='lat' dir='ltr'>P.</span> <span class='ocrx_word' id='word_1_3' title='bbox 757 292 1226 358; x_wconf 81' lang='lat' dir='ltr'>VIRGILII</span> <span class='ocrx_word' id='word_1_4' title='bbox 1296 290 1787 353; x_wconf 87' lang='lat' dir='ltr'>MARONIS</span> 
     </span>
    </p>
   </div>
   <div class='ocr_carea' id='block_1_2' title="bbox 399 447 2073 1218">
    <p class='ocr_par' dir='ltr' id='par_1_2' title="bbox 399 447 2040 770">
     <span class='ocr_line' id='line_1_2' title="bbox 399 447 2040 545; baseline -0.007 -17"><span class='ocrx_word' id='word_1_5' title='bbox 399 447 663 545; x_wconf 85' lang='lat' dir='ltr'>Inponit,</span> <span class='ocrx_word' id='word_1_6' title='bbox 690 450 907 542; x_wconf 77' lang='lat' dir='ltr'>suaque</span> <span class='ocrx_word' id='word_1_7' title='bbox 925 481 1089 522; x_wconf 85' lang='lat' dir='ltr'>arma</span> <span class='ocrx_word' id='word_1_8' title='bbox 1110 460 1256 532; x_wconf 90' lang='lat' dir='ltr'>vir0,</span> <span class='ocrx_word' id='word_1_9' title='bbox 1285 476 1658 536; x_wconf 85' lang='lat' dir='ltr'>remumque,</span> <span class='ocrx_word' id='word_1_10' title='bbox 1685 456 2040 536; x_wconf 62' lang='lat' dir='ltr'>tubamque,</span> 
     </span>
     <span class='ocr_line' id='line_1_3' title="bbox 403 564 1920 660; baseline -0.008 -21"><span class='ocrx_word' id='word_1_11' title='bbox 403 580 619 640; x_wconf 89' lang='lat' dir='ltr'>Monte</span> <span class='ocrx_word' id='word_1_12' title='bbox 645 574 750 635; x_wconf 88' lang='lat' dir='ltr'>sub</span> <span class='ocrx_word' id='word_1_13' title='bbox 774 574 965 635; x_wconf 79' lang='lat' dir='ltr'>a&#39;erio:</span> <span class='ocrx_word' id='word_1_14' title='bbox 996 573 1096 653; x_wconf 89' lang='lat' dir='ltr'>qui</span> <span class='ocrx_word' id='word_1_15' title='bbox 1127 591 1285 632; x_wconf 89' lang='lat' dir='ltr'>nunc</span> <span class='ocrx_word' id='word_1_16' title='bbox 1318 570 1688 660; x_wconf 66' lang='lat' dir='ltr'>Misenusab</span> <span class='ocrx_word' id='word_1_17' title='bbox 1718 570 1823 630; x_wconf 91' lang='lat' dir='ltr'>illo</span> <span class='ocrx_word' id='word_1_18' title='bbox 1842 564 1849 584; x_wconf 79' lang='lat'>³</span> <span class='ocrx_word' id='word_1_19' title='bbox 1904 620 1920 623; x_wconf 29' lang='lat' dir='ltr'>s.</span> 
     </span>
     <span class='ocr_line' id='line_1_4' title="bbox 404 665 2037 770; baseline -0.002 -24"><span class='ocrx_word' id='word_1_20' title='bbox 404 686 663 758; x_wconf 83' lang='lat' dir='ltr'>Dicitur,</span> <span class='ocrx_word' id='word_1_21' title='bbox 685 698 1094 764; x_wconf 76' lang='lat' dir='ltr'>aeternumque</span> <span class='ocrx_word' id='word_1_22' title='bbox 1123 695 1284 740; x_wconf 92' lang='lat' dir='ltr'>tenet</span> <span class='ocrx_word' id='word_1_23' title='bbox 1310 701 1418 760; x_wconf 89' lang='lat' dir='ltr'>per</span> <span class='ocrx_word' id='word_1_24' title='bbox 1444 665 1635 741; x_wconf 84' lang='lat' dir='ltr'>secula</span> <span class='ocrx_word' id='word_1_25' title='bbox 1661 703 1899 743; x_wconf 82' lang='lat' dir='ltr'>nomen.</span> <span class='ocrx_word' id='word_1_26' title='bbox 1921 702 1991 760; x_wconf 85' lang='lat'>23</span> <span class='ocrx_word' id='word_1_27' title='bbox 2004 700 2037 770; x_wconf 65' lang='grc' dir='ltr'><strong><em>ς</em></strong></span> 
     </span>
    </p>

    <p class='ocr_par' dir='ltr' id='par_1_3' title="bbox 408 784 2073 1218">
     <span class='ocr_line' id='line_1_5' title="bbox 439 784 2039 877; baseline -0.001 -19"><span class='ocrx_word' id='word_1_28' title='bbox 439 841 443 845; x_wconf 88' lang='lat'><em>-</em></span> <span class='ocrx_word' id='word_1_29' title='bbox 485 798 604 858; x_wconf 92' lang='lat' dir='ltr'>His</span> <span class='ocrx_word' id='word_1_30' title='bbox 630 796 772 856; x_wconf 68' lang='lat' dir='ltr'>actis</span> <span class='ocrx_word' id='word_1_31' title='bbox 800 813 1053 877; x_wconf 87' lang='lat' dir='ltr'><strong>propere</strong></span> <span class='ocrx_word' id='word_1_32' title='bbox 1082 792 1419 873; x_wconf 81' lang='lat' dir='ltr'>exsequitur</span> <span class='ocrx_word' id='word_1_33' title='bbox 1444 809 1744 874; x_wconf 87' lang='lat' dir='ltr'>praecepta</span> <span class='ocrx_word' id='word_1_34' title='bbox 1774 784 2039 873; x_wconf 69' lang='lat' dir='ltr'>Sibyllae.</span> 
     </span>
     <span class='ocr_line' id='line_1_6' title="bbox 408 900 2004 992; baseline -0.008 -20"><span class='ocrx_word' id='word_1_35' title='bbox 408 912 699 992; x_wconf 85' lang='lat' dir='ltr'>Spelunca</span> <span class='ocrx_word' id='word_1_36' title='bbox 723 908 838 967; x_wconf 83' lang='lat' dir='ltr'>alta</span> <span class='ocrx_word' id='word_1_37' title='bbox 865 904 999 989; x_wconf 71' lang='lat' dir='ltr'>fuit,</span> <span class='ocrx_word' id='word_1_38' title='bbox 1024 903 1304 982; x_wconf 85' lang='lat' dir='ltr'>vastoque</span> <span class='ocrx_word' id='word_1_39' title='bbox 1332 901 1589 960; x_wconf 84' lang='lat' dir='ltr'>inmanis</span> <span class='ocrx_word' id='word_1_40' title='bbox 1617 901 1802 973; x_wconf 84' lang='lat' dir='ltr'>hiatu,</span> <span class='ocrx_word' id='word_1_41' title='bbox 2002 900 2004 902; x_wconf 65' lang='grc'>’</span> 
     </span>
     <span class='ocr_line' id='line_1_7' title="bbox 411 1011 1974 1103; baseline -0.009 -19"><span class='ocrx_word' id='word_1_42' title='bbox 411 1026 682 1103; x_wconf 86' lang='lat' dir='ltr'>Scrupea,</span> <span class='ocrx_word' id='word_1_43' title='bbox 711 1032 837 1077; x_wconf 86' lang='lat' dir='ltr'>tuta</span> <span class='ocrx_word' id='word_1_44' title='bbox 858 1016 991 1075; x_wconf 82' lang='lat' dir='ltr'>lacu</span> <span class='ocrx_word' id='word_1_45' title='bbox 1016 1016 1188 1095; x_wconf 87' lang='lat' dir='ltr'>nigro</span> <span class='ocrx_word' id='word_1_46' title='bbox 1217 1034 1650 1093; x_wconf 85' lang='lat' dir='ltr'>nemorumque</span> <span class='ocrx_word' id='word_1_47' title='bbox 1680 1011 1933 1074; x_wconf 86' lang='lat' dir='ltr'>tenebris</span> <span class='ocrx_word' id='word_1_48' title='bbox 1958 1033 1974 1070; x_wconf 71' lang='lat' dir='ltr'><strong><em>z</em></strong></span> 
     </span>
     <span class='ocr_line' id='line_1_8' title="bbox 412 1129 2073 1218; baseline -0.009 -22"><span class='ocrx_word' id='word_1_49' title='bbox 412 1138 611 1218; x_wconf 86' lang='lat' dir='ltr'>Qam</span> <span class='ocrx_word' id='word_1_50' title='bbox 639 1134 808 1213; x_wconf 89' lang='lat' dir='ltr'>super</span> <span class='ocrx_word' id='word_1_51' title='bbox 836 1131 993 1190; x_wconf 88' lang='lat' dir='ltr'>haud</span> <span class='ocrx_word' id='word_1_52' title='bbox 1023 1131 1160 1189; x_wconf 83' lang='lat' dir='ltr'>ullae</span> <span class='ocrx_word' id='word_1_53' title='bbox 1191 1145 1464 1209; x_wconf 84' lang='lat' dir='ltr'>poterant</span> <span class='ocrx_word' id='word_1_54' title='bbox 1491 1131 1713 1210; x_wconf 91' lang='lat' dir='ltr'>inpune</span> <span class='ocrx_word' id='word_1_55' title='bbox 1739 1129 2010 1188; x_wconf 81' lang='lat' dir='ltr'>volantes.</span> <span class='ocrx_word' id='word_1_56' title='bbox 2065 1175 2073 1180; x_wconf 82' lang='grc'><strong>.</strong></span> 
     </span>
    </p>
   </div>
   <div class='ocr_carea' id='block_1_3' title="bbox 413 1241 2057 1323">
    <p class='ocr_par' dir='ltr' id='par_1_4' title="bbox 413 1241 2057 1323">
     <span class='ocr_line' id='line_1_9' title="bbox 413 1241 2057 1323; baseline -0.005 -13"><span class='ocrx_word' id='word_1_57' title='bbox 413 1249 683 1310; x_wconf 84' lang='lat' dir='ltr'>Tendere</span> <span class='ocrx_word' id='word_1_58' title='bbox 710 1248 821 1305; x_wconf 88' lang='lat' dir='ltr'>iter</span> <span class='ocrx_word' id='word_1_59' title='bbox 847 1243 1094 1323; x_wconf 88' lang='lat' dir='ltr'>pennis:</span> <span class='ocrx_word' id='word_1_60' title='bbox 1126 1243 1258 1301; x_wconf 81' lang='lat' dir='ltr'>talis</span> <span class='ocrx_word' id='word_1_61' title='bbox 1289 1241 1406 1303; x_wconf 91' lang='lat' dir='ltr'>se-se</span> <span class='ocrx_word' id='word_1_62' title='bbox 1434 1243 1655 1304; x_wconf 73' lang='lat' dir='ltr'>halitus</span> <span class='ocrx_word' id='word_1_63' title='bbox 1681 1242 1822 1302; x_wconf 82' lang='lat' dir='ltr'>atris</span> <span class='ocrx_word' id='word_1_64' title='bbox 1931 1258 2057 1318; x_wconf 62' lang='lat'>240,</span> 
     </span>
    </p>
   </div>
   <div class='ocr_carea' id='block_1_4' title="bbox 412 1352 2009 1531">
    <p class='ocr_par' dir='ltr' id='par_1_5' title="bbox 412 1352 2009 1531">
     <span class='ocr_line' id='line_1_10' title="bbox 412 1352 1953 1434; baseline -0.005 -15"><span class='ocrx_word' id='word_1_65' title='bbox 412 1358 705 1419; x_wconf 82' lang='lat' dir='ltr'>Faucibus</span> <span class='ocrx_word' id='word_1_66' title='bbox 728 1355 1031 1417; x_wconf 84' lang='lat' dir='ltr'>effundens</span> <span class='ocrx_word' id='word_1_67' title='bbox 1063 1355 1267 1434; x_wconf 87' lang='lat' dir='ltr'>supera</span> <span class='ocrx_word' id='word_1_68' title='bbox 1292 1355 1367 1414; x_wconf 85' lang='lat' dir='ltr'>ad</span> <span class='ocrx_word' id='word_1_69' title='bbox 1396 1375 1658 1415; x_wconf 84' lang='lat' dir='ltr'>convexa</span> <span class='ocrx_word' id='word_1_70' title='bbox 1686 1352 1910 1418; x_wconf 83' lang='lat' dir='ltr'>ferebat</span> <span class='ocrx_word' id='word_1_71' title='bbox 1934 1375 1953 1417; x_wconf 65' lang='lat' dir='ltr'>a</span> 
     </span>
     <span class='ocr_line' id='line_1_11' title="bbox 415 1465 2009 1531; baseline -0.005 0"><span class='ocrx_word' id='word_1_72' title='bbox 415 1475 448 1514; x_wconf 57' lang='grc' dir='ltr'>θ’</span> <span class='ocrx_word' id='word_1_73' title='bbox 482 1470 657 1531; x_wconf 87' lang='lat' dir='ltr'>Unde</span> <span class='ocrx_word' id='word_1_74' title='bbox 683 1470 885 1528; x_wconf 90' lang='lat' dir='ltr'>locum</span> <span class='ocrx_word' id='word_1_75' title='bbox 909 1466 1077 1526; x_wconf 86' lang='lat' dir='ltr'>Graii</span> <span class='ocrx_word' id='word_1_76' title='bbox 1107 1465 1381 1526; x_wconf 86' lang='lat' dir='ltr'>dixerunt</span> <span class='ocrx_word' id='word_1_77' title='bbox 1410 1466 1652 1526; x_wconf 89' lang='lat' dir='ltr'>nomine</span> <span class='ocrx_word' id='word_1_78' title='bbox 1679 1467 1946 1526; x_wconf 90' lang='lat' dir='ltr'>Aornon.</span> <span class='ocrx_word' id='word_1_79' title='bbox 1978 1468 2009 1502; x_wconf 79' lang='lat'>³⁸*</span> 
     </span>
    </p>
   </div>
   <div class='ocr_carea' id='block_1_5' title="bbox 417 1626 2069 2604">
    <p class='ocr_par' dir='ltr' id='par_1_6' title="bbox 417 1626 2069 2604">
     <span class='ocr_line' id='line_1_12' title="bbox 472 1626 2054 1690; baseline -0.002 -14"><span class='ocrx_word' id='word_1_80' title='bbox 472 1648 565 1689; x_wconf 80' lang='lat'>233.</span> <span class='ocrx_word' id='word_1_81' title='bbox 596 1638 762 1690; x_wconf 80' lang='lat' dir='ltr'>Imposuit</span> <span class='ocrx_word' id='word_1_82' title='bbox 777 1636 925 1675; x_wconf 87' lang='lat' dir='ltr'>Donat.</span> <span class='ocrx_word' id='word_1_83' title='bbox 956 1634 998 1673; x_wconf 86' lang='lat' dir='ltr'>in</span> <span class='ocrx_word' id='word_1_84' title='bbox 1030 1633 1199 1675; x_wconf 87' lang='lat' dir='ltr'>Terent.</span> <span class='ocrx_word' id='word_1_85' title='bbox 1239 1635 1363 1674; x_wconf 87' lang='lat' dir='ltr'>Goth.</span> <span class='ocrx_word' id='word_1_86' title='bbox 1404 1648 1464 1689; x_wconf 85' lang='lat' dir='ltr'>pr.</span> <span class='ocrx_word' id='word_1_87' title='bbox 1498 1644 1538 1676; x_wconf 87' lang='lat' dir='ltr'>et</span> <span class='ocrx_word' id='word_1_88' title='bbox 1571 1635 1635 1676; x_wconf 88' lang='lat' dir='ltr'>ed.</span> <span class='ocrx_word' id='word_1_89' title='bbox 1669 1637 1784 1689; x_wconf 83' lang='lat' dir='ltr'>Junt.</span> <span class='ocrx_word' id='word_1_90' title='bbox 1812 1648 1876 1688; x_wconf 81' lang='lat' dir='ltr'>ap.</span> <span class='ocrx_word' id='word_1_91' title='bbox 1909 1626 2054 1674; x_wconf 75' lang='lat' dir='ltr'>Heius.</span> 
     </span>
     <span class='ocr_line' id='line_1_13' title="bbox 417 1697 2059 1753; baseline -0.002 -14"><span class='ocrx_word' id='word_1_92' title='bbox 417 1700 490 1741; x_wconf 87' lang='lat' dir='ltr'>Illa</span> <span class='ocrx_word' id='word_1_93' title='bbox 533 1702 609 1741; x_wconf 89' lang='lat' dir='ltr'>hoc</span> <span class='ocrx_word' id='word_1_94' title='bbox 649 1700 789 1740; x_wconf 81' lang='lat' dir='ltr'>habuit</span> <span class='ocrx_word' id='word_1_95' title='bbox 830 1714 877 1740; x_wconf 83' lang='lat' dir='ltr'>ex</span> <span class='ocrx_word' id='word_1_96' title='bbox 917 1699 1012 1739; x_wconf 78' lang='lat' dir='ltr'>Ald.</span> <span class='ocrx_word' id='word_1_97' title='bbox 1054 1711 1133 1750; x_wconf 86' lang='lat' dir='ltr'>pr.,</span> <span class='ocrx_word' id='word_1_98' title='bbox 1173 1699 1347 1739; x_wconf 82' lang='lat' dir='ltr'>mutavit</span> <span class='ocrx_word' id='word_1_99' title='bbox 1397 1699 1441 1739; x_wconf 92' lang='lat' dir='ltr'>in</span> <span class='ocrx_word' id='word_1_100' title='bbox 1477 1702 1619 1753; x_wconf 75' lang='lat' dir='ltr'>imponit</span> <span class='ocrx_word' id='word_1_101' title='bbox 1656 1701 1835 1752; x_wconf 88' lang='lat' dir='ltr'>Nauger.</span> <span class='ocrx_word' id='word_1_102' title='bbox 1871 1709 1912 1739; x_wconf 90' lang='lat' dir='ltr'>et</span> <span class='ocrx_word' id='word_1_103' title='bbox 1958 1697 2059 1738; x_wconf 63' lang='lat' dir='ltr'>hinc&gt;</span> 
     </span>
     <span class='ocr_line' id='line_1_14' title="bbox 420 1765 1946 1822; baseline -0.001 -15"><span class='ocrx_word' id='word_1_104' title='bbox 420 1768 525 1807; x_wconf 71' lang='lat' dir='ltr'>mor,</span> <span class='ocrx_word' id='word_1_105' title='bbox 556 1769 702 1822; x_wconf 80' lang='lat' dir='ltr'>Juntae.</span> <span class='ocrx_word' id='word_1_106' title='bbox 817 1778 906 1816; x_wconf 86' lang='lat'><strong>234.</strong></span> <span class='ocrx_word' id='word_1_107' title='bbox 950 1767 1078 1804; x_wconf 82' lang='lat' dir='ltr'>Monte</span> <span class='ocrx_word' id='word_1_108' title='bbox 1100 1765 1171 1815; x_wconf 85' lang='lat' dir='ltr'>sub</span> <span class='ocrx_word' id='word_1_109' title='bbox 1220 1767 1344 1816; x_wconf 82' lang='lat' dir='ltr'>excelso</span> <span class='ocrx_word' id='word_1_110' title='bbox 1375 1765 1500 1806; x_wconf 89' lang='lat' dir='ltr'>Goth.</span> <span class='ocrx_word' id='word_1_111' title='bbox 1538 1766 1614 1806; x_wconf 88' lang='lat' dir='ltr'>sec.</span> <span class='ocrx_word' id='word_1_112' title='bbox 1656 1779 1704 1805; x_wconf 85' lang='lat' dir='ltr'>ex</span> <span class='ocrx_word' id='word_1_113' title='bbox 1739 1766 1946 1818; x_wconf 84' lang='lat' dir='ltr'>interpret.</span> 
     </span>
     <span class='ocr_line' id='line_1_15' title="bbox 420 1828 2055 1882; baseline -0.004 -9"><span class='ocrx_word' id='word_1_114' title='bbox 420 1832 516 1882; x_wconf 72' lang='lat'>236.¹</span> <span class='ocrx_word' id='word_1_115' title='bbox 562 1835 722 1875; x_wconf 66' lang='lat' dir='ltr'>mandata</span> <span class='ocrx_word' id='word_1_116' title='bbox 753 1831 869 1877; x_wconf 87' lang='lat' dir='ltr'>Leid.</span> <span class='ocrx_word' id='word_1_117' title='bbox 911 1828 1232 1878; x_wconf 38' lang='lat' dir='ltr'>uuus-*2382</span> <span class='ocrx_word' id='word_1_118' title='bbox 1273 1830 1419 1882; x_wconf 82' lang='lat' dir='ltr'>Scropea</span> <span class='ocrx_word' id='word_1_119' title='bbox 1459 1829 1540 1876; x_wconf 84' lang='lat' dir='ltr'>duo</span> <span class='ocrx_word' id='word_1_120' title='bbox 1601 1829 1755 1868; x_wconf 60' lang='lat' dir='ltr'>indocti</span> <span class='ocrx_word' id='word_1_121' title='bbox 1802 1828 1955 1869; x_wconf 88' lang='lat' dir='ltr'>librarii</span> <span class='ocrx_word' id='word_1_122' title='bbox 1992 1842 2055 1882; x_wconf 87' lang='lat' dir='ltr'>ap.</span> 
     </span>
     <span class='ocr_line' id='line_1_16' title="bbox 420 1893 2058 1947; baseline -0.002 -10"><span class='ocrx_word' id='word_1_123' title='bbox 420 1900 559 1938; x_wconf 85' lang='lat' dir='ltr'>Burm.</span> <span class='ocrx_word' id='word_1_124' title='bbox 624 1896 691 1936; x_wconf 88' lang='lat' dir='ltr'>Est</span> <span class='ocrx_word' id='word_1_125' title='bbox 719 1896 1008 1936; x_wconf 80' lang='lat' dir='ltr'>Homericum:</span> <span class='ocrx_word' id='word_1_126' title='bbox 1038 1893 1311 1940; x_wconf 69' lang='grc' dir='ltr'>παιπαλόεσσα.</span> <span class='ocrx_word' id='word_1_127' title='bbox 1375 1910 1501 1947; x_wconf 84' lang='lat' dir='ltr'>magna</span> <span class='ocrx_word' id='word_1_128' title='bbox 1536 1896 1616 1939; x_wconf 76' lang='lat' dir='ltr'><em>lacu</em></span> <span class='ocrx_word' id='word_1_129' title='bbox 1644 1893 1758 1933; x_wconf 78' lang='lat' dir='ltr'>Leid.</span> <span class='ocrx_word' id='word_1_130' title='bbox 1869 1905 1963 1947; x_wconf 81' lang='lat'><strong>239.</strong></span> <span class='ocrx_word' id='word_1_131' title='bbox 1993 1912 2058 1937; x_wconf 69' lang='lat' dir='ltr'>va-</span> 
     </span>
     <span class='ocr_line' id='line_1_17' title="bbox 421 1956 2059 2012; baseline 0.001 -12"><span class='ocrx_word' id='word_1_132' title='bbox 421 1963 528 2001; x_wconf 78' lang='lat' dir='ltr'>lucres</span> <span class='ocrx_word' id='word_1_133' title='bbox 550 1960 721 2001; x_wconf 86' lang='lat' dir='ltr'>Dorvill.</span> <span class='ocrx_word' id='word_1_134' title='bbox 758 1970 798 2001; x_wconf 89' lang='lat' dir='ltr'>et</span> <span class='ocrx_word' id='word_1_135' title='bbox 833 1961 955 2001; x_wconf 86' lang='lat' dir='ltr'>Goth.</span> <span class='ocrx_word' id='word_1_136' title='bbox 994 1971 1093 2004; x_wconf 87' lang='lat' dir='ltr'>tert.</span> <span class='ocrx_word' id='word_1_137' title='bbox 1134 1972 1181 1999; x_wconf 78' lang='lat' dir='ltr'>ex</span> <span class='ocrx_word' id='word_1_138' title='bbox 1210 1956 1375 2011; x_wconf 35' lang='lat' dir='ltr'>gloffa‘.</span> <span class='ocrx_word' id='word_1_139' title='bbox 1460 1968 1554 2005; x_wconf 83' lang='lat'>241.</span> <span class='ocrx_word' id='word_1_140' title='bbox 1598 1959 1778 2012; x_wconf 82' lang='lat' dir='ltr'>infundens</span> <span class='ocrx_word' id='word_1_141' title='bbox 1811 1958 1936 2002; x_wconf 76' lang='lat' dir='ltr'>Goth.</span> <span class='ocrx_word' id='word_1_142' title='bbox 1964 1968 2059 2002; x_wconf 69' lang='lat' dir='ltr'>tent.</span> 
     </span>
     <span class='ocr_line' id='line_1_18' title="bbox 423 2021 2059 2075; baseline 0.002 -12"><span class='ocrx_word' id='word_1_143' title='bbox 423 2039 567 2064; x_wconf 80' lang='lat' dir='ltr'>connexa</span> <span class='ocrx_word' id='word_1_144' title='bbox 585 2024 724 2064; x_wconf 83' lang='lat' dir='ltr'>vitiose</span> <span class='ocrx_word' id='word_1_145' title='bbox 743 2024 899 2064; x_wconf 86' lang='lat' dir='ltr'>Nonius</span> <span class='ocrx_word' id='word_1_146' title='bbox 912 2025 953 2064; x_wconf 82' lang='lat' dir='ltr'>in</span> <span class='ocrx_word' id='word_1_147' title='bbox 967 2025 1140 2067; x_wconf 78' lang='lat' dir='ltr'>Avernus.</span> <span class='ocrx_word' id='word_1_148' title='bbox 1181 2024 1349 2075; x_wconf 59' lang='lat' dir='ltr'>ferebant</span> <span class='ocrx_word' id='word_1_149' title='bbox 1368 2021 1475 2067; x_wconf 35' lang='lat' dir='ltr'>Gu‘d.</span> <span class='ocrx_word' id='word_1_150' title='bbox 1501 2035 1523 2060; x_wconf 73' lang='lat' dir='ltr'>a</span> <span class='ocrx_word' id='word_1_151' title='bbox 1544 2035 1599 2065; x_wconf 79' lang='lat' dir='ltr'>m·</span> <span class='ocrx_word' id='word_1_152' title='bbox 1617 2035 1680 2074; x_wconf 75' lang='lat' dir='ltr'>Pr·</span> <span class='ocrx_word' id='word_1_153' title='bbox 1795 2034 1885 2071; x_wconf 75' lang='lat'>242.</span> <span class='ocrx_word' id='word_1_154' title='bbox 1901 2023 2059 2066; x_wconf 84' lang='lat' dir='ltr'>Totum</span> 
     </span>
     <span class='ocr_line' id='line_1_19' title="bbox 423 2085 2063 2140; baseline 0.001 -12"><span class='ocrx_word' id='word_1_155' title='bbox 423 2089 581 2128; x_wconf 83' lang='lat' dir='ltr'>versum</span> <span class='ocrx_word' id='word_1_156' title='bbox 607 2088 657 2129; x_wconf 83' lang='lat' dir='ltr'>ab</span> <span class='ocrx_word' id='word_1_157' title='bbox 691 2088 768 2128; x_wconf 80' lang='lat' dir='ltr'>alia</span> <span class='ocrx_word' id='word_1_158' title='bbox 799 2102 923 2129; x_wconf 86' lang='lat' dir='ltr'>manu</span> <span class='ocrx_word' id='word_1_159' title='bbox 953 2090 1148 2131; x_wconf 87' lang='lat' dir='ltr'>insertum</span> <span class='ocrx_word' id='word_1_160' title='bbox 1180 2088 1338 2127; x_wconf 82' lang='lat' dir='ltr'>credere</span> <span class='ocrx_word' id='word_1_161' title='bbox 1363 2085 1422 2126; x_wconf 83' lang='lat' dir='ltr'>fas</span> <span class='ocrx_word' id='word_1_162' title='bbox 1449 2086 1519 2134; x_wconf 85' lang='lat' dir='ltr'>est,</span> <span class='ocrx_word' id='word_1_163' title='bbox 1545 2096 1651 2126; x_wconf 89' lang='lat' dir='ltr'>certe</span> <span class='ocrx_word' id='word_1_164' title='bbox 1685 2087 1734 2126; x_wconf 87' lang='lat' dir='ltr'>ab</span> <span class='ocrx_word' id='word_1_165' title='bbox 1763 2087 1877 2140; x_wconf 67' lang='lat' dir='ltr'>epita*</span> <span class='ocrx_word' id='word_1_166' title='bbox 1902 2089 2063 2130; x_wconf 70' lang='lat' dir='ltr'>ratione</span> 
     </span>
     <span class='ocr_line' id='line_1_20' title="bbox 425 2151 2062 2208; baseline 0.001 -15"><span class='ocrx_word' id='word_1_167' title='bbox 425 2153 616 2193; x_wconf 84' lang='lat' dir='ltr'>alienum.</span> <span class='ocrx_word' id='word_1_168' title='bbox 671 2153 709 2191; x_wconf 94' lang='lat' dir='ltr'>A</span> <span class='ocrx_word' id='word_1_169' title='bbox 729 2152 875 2207; x_wconf 82' lang='lat' dir='ltr'>fragm.</span> <span class='ocrx_word' id='word_1_170' title='bbox 899 2155 1030 2194; x_wconf 86' lang='lat' dir='ltr'>Vatic.</span> <span class='ocrx_word' id='word_1_171' title='bbox 1052 2155 1169 2208; x_wconf 88' lang='lat' dir='ltr'>plane</span> <span class='ocrx_word' id='word_1_172' title='bbox 1191 2152 1313 2200; x_wconf 62' lang='lat' dir='ltr'>abest²</span> <span class='ocrx_word' id='word_1_173' title='bbox 1340 2151 1463 2191; x_wconf 85' lang='lat' dir='ltr'>etiam</span> <span class='ocrx_word' id='word_1_174' title='bbox 1481 2151 1530 2191; x_wconf 86' lang='lat' dir='ltr'>ab</span> <span class='ocrx_word' id='word_1_175' title='bbox 1558 2151 1660 2199; x_wconf 84' lang='lat' dir='ltr'>aliis,</span> <span class='ocrx_word' id='word_1_176' title='bbox 1685 2151 1734 2191; x_wconf 90' lang='lat' dir='ltr'>fic</span> <span class='ocrx_word' id='word_1_177' title='bbox 1755 2166 1779 2191; x_wconf 88' lang='lat' dir='ltr'>a</span> <span class='ocrx_word' id='word_1_178' title='bbox 1808 2152 1934 2193; x_wconf 87' lang='lat' dir='ltr'>Goth.</span> <span class='ocrx_word' id='word_1_179' title='bbox 1960 2162 2062 2204; x_wconf 62' lang='lat' dir='ltr'>tert.⁴</span> 
     </span>
     <span class='ocr_line' id='line_1_21' title="bbox 426 2214 2068 2282; baseline 0 -25"><span class='ocrx_word' id='word_1_180' title='bbox 426 2219 473 2260; x_wconf 86' lang='lat' dir='ltr'>In</span> <span class='ocrx_word' id='word_1_181' title='bbox 493 2217 673 2264; x_wconf 79' lang='lat' dir='ltr'>Medieeo</span> <span class='ocrx_word' id='word_1_182' title='bbox 692 2217 852 2270; x_wconf 72' lang='lat' dir='ltr'>ahisque</span> <span class='ocrx_word' id='word_1_183' title='bbox 871 2217 1209 2282; x_wconf 68' lang='lat' dir='ltr'>praestantioribus</span> <span class='ocrx_word' id='word_1_184' title='bbox 1237 2230 1259 2255; x_wconf 80' lang='lat' dir='ltr'>a</span> <span class='ocrx_word' id='word_1_185' title='bbox 1290 2214 1440 2255; x_wconf 88' lang='lat' dir='ltr'>recenti</span> <span class='ocrx_word' id='word_1_186' title='bbox 1470 2228 1593 2257; x_wconf 78' lang='lat' dir='ltr'>manu</span> <span class='ocrx_word' id='word_1_187' title='bbox 1623 2215 1848 2268; x_wconf 67' lang='lat' dir='ltr'>adscriptus,</span> <span class='ocrx_word' id='word_1_188' title='bbox 1907 2217 2068 2264; x_wconf 69' lang='lat' dir='ltr'>Pierius¹</span> 
     </span>
     <span class='ocr_line' id='line_1_22' title="bbox 425 2280 2062 2328; baseline 0.001 -7"><span class='ocrx_word' id='word_1_189' title='bbox 425 2290 562 2322; x_wconf 88' lang='lat' dir='ltr'>tamen</span> <span class='ocrx_word' id='word_1_190' title='bbox 581 2282 623 2322; x_wconf 87' lang='lat' dir='ltr'>in</span> <span class='ocrx_word' id='word_1_191' title='bbox 640 2282 716 2323; x_wconf 84' lang='lat' dir='ltr'>suis</span> <span class='ocrx_word' id='word_1_192' title='bbox 735 2284 849 2325; x_wconf 85' lang='lat' dir='ltr'>codd.</span> <span class='ocrx_word' id='word_1_193' title='bbox 872 2297 953 2325; x_wconf 87' lang='lat' dir='ltr'>non</span> <span class='ocrx_word' id='word_1_194' title='bbox 973 2282 1207 2328; x_wconf 77' lang='lat' dir='ltr'>desideravit</span> <span class='ocrx_word' id='word_1_195' title='bbox 1226 2281 1399 2328; x_wconf 84' lang='lat' dir='ltr'>versum,</span> <span class='ocrx_word' id='word_1_196' title='bbox 1425 2293 1498 2319; x_wconf 88' lang='lat' dir='ltr'>nec</span> <span class='ocrx_word' id='word_1_197' title='bbox 1529 2280 1572 2321; x_wconf 85' lang='lat' dir='ltr'>in</span> <span class='ocrx_word' id='word_1_198' title='bbox 1605 2282 1792 2320; x_wconf 83' lang='lat' dir='ltr'>Romano</span> <span class='ocrx_word' id='word_1_199' title='bbox 1824 2281 1984 2322; x_wconf 81' lang='lat' dir='ltr'>videtur</span> <span class='ocrx_word' id='word_1_200' title='bbox 2011 2281 2062 2323; x_wconf 88' lang='lat' dir='ltr'>ab</span> 
     </span>
     <span class='ocr_line' id='line_1_23' title="bbox 428 2346 2062 2404; baseline 0 -16"><span class='ocrx_word' id='word_1_201' title='bbox 428 2347 506 2388; x_wconf 82' lang='lat' dir='ltr'>alia</span> <span class='ocrx_word' id='word_1_202' title='bbox 524 2348 753 2404; x_wconf 77' lang='lat' dir='ltr'>adscriptu5‚</span> <span class='ocrx_word' id='word_1_203' title='bbox 779 2350 846 2389; x_wconf 90' lang='lat' dir='ltr'>sed</span> <span class='ocrx_word' id='word_1_204' title='bbox 877 2365 900 2389; x_wconf 82' lang='lat' dir='ltr'>a</span> <span class='ocrx_word' id='word_1_205' title='bbox 928 2351 1059 2404; x_wconf 84' lang='lat' dir='ltr'>prima</span> <span class='ocrx_word' id='word_1_206' title='bbox 1090 2349 1222 2389; x_wconf 78' lang='lat' dir='ltr'>statim</span> <span class='ocrx_word' id='word_1_207' title='bbox 1242 2361 1364 2387; x_wconf 87' lang='lat' dir='ltr'>manu</span> <span class='ocrx_word' id='word_1_208' title='bbox 1382 2346 1603 2401; x_wconf 45' lang='lat' dir='ltr'>profectus,</span> <span class='ocrx_word' id='word_1_209' title='bbox 1659 2347 1760 2386; x_wconf 77' lang='lat' dir='ltr'>satis</span> <span class='ocrx_word' id='word_1_210' title='bbox 1787 2356 1902 2388; x_wconf 84' lang='lat' dir='ltr'>vetus</span> <span class='ocrx_word' id='word_1_211' title='bbox 1926 2348 2062 2402; x_wconf 76' lang='lat' dir='ltr'>itaque</span> 
     </span>
     <span class='ocr_line' id='line_1_24' title="bbox 426 2405 2066 2465; baseline 0.001 -14"><span class='ocrx_word' id='word_1_212' title='bbox 426 2412 512 2465; x_wconf 84' lang='lat' dir='ltr'>ejus</span> <span class='ocrx_word' id='word_1_213' title='bbox 539 2405 766 2462; x_wconf 48' lang='lat' dir='ltr'>audioritaffi</span> <span class='ocrx_word' id='word_1_214' title='bbox 791 2422 836 2454; x_wconf 91' lang='lat' dir='ltr'>ut</span> <span class='ocrx_word' id='word_1_215' title='bbox 866 2413 971 2458; x_wconf 86' lang='lat' dir='ltr'>forte</span> <span class='ocrx_word' id='word_1_216' title='bbox 992 2428 1012 2454; x_wconf 89' lang='lat' dir='ltr'>e</span> <span class='ocrx_word' id='word_1_217' title='bbox 1033 2413 1238 2453; x_wconf 87' lang='lat' dir='ltr'>Prisciano</span> <span class='ocrx_word' id='word_1_218' title='bbox 1267 2411 1452 2463; x_wconf 73' lang='lat' dir='ltr'>Dionysii</span> <span class='ocrx_word' id='word_1_219' title='bbox 1471 2410 1695 2464; x_wconf 89' lang='lat' dir='ltr'>Periegefin</span> <span class='ocrx_word' id='word_1_220' title='bbox 1722 2426 1765 2450; x_wconf 86' lang='lat' dir='ltr'>v.</span> <span class='ocrx_word' id='word_1_221' title='bbox 1789 2422 1894 2464; x_wconf 88' lang='lat'>1149</span> <span class='ocrx_word' id='word_1_222' title='bbox 1921 2413 2066 2463; x_wconf 70' lang='lat' dir='ltr'>iisdem</span> 
     </span>
     <span class='ocr_line' id='line_1_25' title="bbox 427 2475 2069 2532; baseline -0.002 -13"><span class='ocrx_word' id='word_1_223' title='bbox 427 2477 559 2519; x_wconf 84' lang='lat' dir='ltr'>verbis</span> <span class='ocrx_word' id='word_1_224' title='bbox 575 2478 862 2532; x_wconf 74' lang='lat' dir='ltr'>interpretante</span> <span class='ocrx_word' id='word_1_225' title='bbox 881 2479 1073 2519; x_wconf 67' lang='lat' dir='ltr'>confi&amp;us</span> <span class='ocrx_word' id='word_1_226' title='bbox 1090 2477 1158 2518; x_wconf 87' lang='lat' dir='ltr'>ille</span> <span class='ocrx_word' id='word_1_227' title='bbox 1177 2476 1305 2516; x_wconf 86' lang='lat' dir='ltr'>videri</span> <span class='ocrx_word' id='word_1_228' title='bbox 1322 2475 1449 2530; x_wconf 84' lang='lat' dir='ltr'>poflit.</span> <span class='ocrx_word' id='word_1_229' title='bbox 1478 2489 1520 2515; x_wconf 87' lang='lat' dir='ltr'>v.</span> <span class='ocrx_word' id='word_1_230' title='bbox 1542 2489 1605 2528; x_wconf 83' lang='lat' dir='ltr'>ap.</span> <span class='ocrx_word' id='word_1_231' title='bbox 1640 2475 1777 2523; x_wconf 86' lang='lat' dir='ltr'>Heins.</span> <span class='ocrx_word' id='word_1_232' title='bbox 1841 2478 1953 2516; x_wconf 75' lang='lat' dir='ltr'><em>lacum</em></span> <span class='ocrx_word' id='word_1_233' title='bbox 1981 2478 2069 2524; x_wconf 76' lang='lat' dir='ltr'>duo,</span> 
     </span>
     <span class='ocr_line' id='line_1_26' title="bbox 428 2540 1851 2604; baseline -0.001 -22"><span class='ocrx_word' id='word_1_234' title='bbox 428 2541 648 2586; x_wconf 77' lang='lat' dir='ltr'>Heinfiani.</span> <span class='ocrx_word' id='word_1_235' title='bbox 700 2544 780 2583; x_wconf 89' lang='lat' dir='ltr'>Pro</span> <span class='ocrx_word' id='word_1_236' title='bbox 799 2545 941 2585; x_wconf 80' lang='lat' dir='ltr'>Aornon</span> <span class='ocrx_word' id='word_1_237' title='bbox 958 2544 1026 2585; x_wconf 82' lang='lat' dir='ltr'>alii</span> <span class='ocrx_word' id='word_1_238' title='bbox 1042 2546 1199 2584; x_wconf 81' lang='lat' dir='ltr'>Aornum</span> <span class='ocrx_word' id='word_1_239' title='bbox 1218 2552 1259 2583; x_wconf 86' lang='lat' dir='ltr'>et</span> <span class='ocrx_word' id='word_1_240' title='bbox 1279 2544 1475 2591; x_wconf 79' lang='lat' dir='ltr'>Avernum,</span> <span class='ocrx_word' id='word_1_241' title='bbox 1501 2550 1541 2581; x_wconf 87' lang='lat' dir='ltr'>et</span> <span class='ocrx_word' id='word_1_242' title='bbox 1560 2541 1670 2581; x_wconf 73' lang='lat' dir='ltr'>Voss&#39;.</span> <span class='ocrx_word' id='word_1_243' title='bbox 1688 2540 1851 2604; x_wconf 54' lang='lat' dir='ltr'>Averna)</span> 
     </span>
    </p>
   </div>
   <div class='ocr_carea' id='block_1_6' title="bbox 707 1790 811 1799">
    <p class='ocr_par' dir='ltr' id='par_1_7' title="bbox 707 1790 811 1799">
     <span class='ocr_line' id='line_1_27' title="bbox 707 1790 811 1799; baseline 0 0"><span class='ocrx_word' id='word_1_244' title='bbox 707 1790 811 1799; x_wconf 95' lang='lat' dir='ltr'> </span> 
     </span>
    </p>
   </div>
   <div class='ocr_carea' id='block_1_7' title="bbox 1948 1786 2055 1795">
    <p class='ocr_par' dir='ltr' id='par_1_8' title="bbox 1948 1786 2055 1795">
     <span class='ocr_line' id='line_1_28' title="bbox 1948 1786 2055 1795; baseline 0 0"><span class='ocrx_word' id='word_1_245' title='bbox 1948 1786 2055 1795; x_wconf 95' lang='lat' dir='ltr'> </span> 
     </span>
    </p>
   </div>
   <div class='ocr_carea' id='block_1_8' title="bbox 1761 1915 1868 1923">
    <p class='ocr_par' dir='ltr' id='par_1_9' title="bbox 1761 1915 1868 1923">
     <span class='ocr_line' id='line_1_29' title="bbox 1761 1915 1868 1923; baseline 0 0"><span class='ocrx_word' id='word_1_246' title='bbox 1761 1915 1868 1923; x_wconf 95' lang='lat' dir='ltr'> </span> 
     </span>
    </p>
   </div>
   <div class='ocr_carea' id='block_1_9' title="bbox 1354 1981 1454 1991">
    <p class='ocr_par' dir='ltr' id='par_1_10' title="bbox 1354 1981 1454 1991">
     <span class='ocr_line' id='line_1_30' title="bbox 1354 1981 1454 1991; baseline 0 2039"><span class='ocrx_word' id='word_1_247' title='bbox 1354 1981 1454 1991; x_wconf 95' lang='lat' dir='ltr'> </span> 
     </span>
    </p>
   </div>
   <div class='ocr_carea' id='block_1_10' title="bbox 1684 2044 1792 2054">
    <p class='ocr_par' dir='ltr' id='par_1_11' title="bbox 1684 2044 1792 2054">
     <span class='ocr_line' id='line_1_31' title="bbox 1684 2044 1792 2054; baseline 0 0"><span class='ocrx_word' id='word_1_248' title='bbox 1684 2044 1792 2054; x_wconf 95' lang='lat' dir='ltr'> </span> 
     </span>
    </p>
   </div>
   <div class='ocr_carea' id='block_1_11' title="bbox 434 2683 1367 2798">
    <p class='ocr_par' dir='ltr' id='par_1_12' title="bbox 434 2683 1367 2798">
     <span class='ocr_line' id='line_1_32' title="bbox 434 2683 1367 2798; baseline 0.003 -68"><span class='ocrx_word' id='word_1_249' title='bbox 434 2683 587 2731; x_wconf 87' lang='lat' dir='ltr'>animo</span> <span class='ocrx_word' id='word_1_250' title='bbox 650 2683 1019 2748; x_wconf 70' lang='lat' dir='ltr'>repraesentanda,</span> <span class='ocrx_word' id='word_1_251' title='bbox 1074 2701 1124 2733; x_wconf 86' lang='lat' dir='ltr'>v.</span> <span class='ocrx_word' id='word_1_252' title='bbox 1168 2702 1211 2734; x_wconf 91' lang='lat' dir='ltr'>c.</span> <span class='ocrx_word' id='word_1_253' title='bbox 1290 2706 1367 2798; x_wconf 46' lang='grc' dir='ltr'>ζεῖ</span> 
     </span>
    </p>
   </div>
   <div class='ocr_carea' id='block_1_12' title="bbox 436 2746 1211 2877">
    <p class='ocr_par' dir='ltr' id='par_1_13' title="bbox 436 2746 1211 2877">
     <span class='ocr_line' id='line_1_33' title="bbox 437 2746 1210 2813; baseline 0.001 -18"><span class='ocrx_word' id='word_1_254' title='bbox 437 2746 573 2795; x_wconf 83' lang='lat' dir='ltr'>Iliad.</span> <span class='ocrx_word' id='word_1_255' title='bbox 612 2749 674 2805; x_wconf 64' lang='grc' dir='ltr'>ψ,</span> <span class='ocrx_word' id='word_1_256' title='bbox 710 2766 768 2813; x_wconf 84' lang='lat'>²5</span> <span class='ocrx_word' id='word_1_257' title='bbox 812 2784 824 2796; x_wconf 87' lang='lat'>.</span> <span class='ocrx_word' id='word_1_258' title='bbox 867 2753 976 2813; x_wconf 77' lang='lat'><strong>256.</strong></span> <span class='ocrx_word' id='word_1_259' title='bbox 1019 2771 1062 2803; x_wconf 82' lang='grc' dir='ltr'>η,</span> <span class='ocrx_word' id='word_1_260' title='bbox 1097 2767 1210 2813; x_wconf 88' lang='lat'><strong>434.</strong></span> 
     </span>
     <span class='ocr_line' id='line_1_34' title="bbox 436 2811 1211 2877; baseline -0.003 -14"><span class='ocrx_word' id='word_1_261' title='bbox 436 2811 540 2863; x_wconf 85' lang='lat' dir='ltr'>Nifi</span> <span class='ocrx_word' id='word_1_262' title='bbox 563 2817 729 2877; x_wconf 83' lang='lat' dir='ltr'>imponit</span> <span class='ocrx_word' id='word_1_263' title='bbox 783 2830 825 2861; x_wconf 89' lang='lat' dir='ltr'>c.</span> <span class='ocrx_word' id='word_1_264' title='bbox 865 2814 981 2860; x_wconf 85' lang='lat' dir='ltr'>cado</span> <span class='ocrx_word' id='word_1_265' title='bbox 1015 2830 1121 2861; x_wconf 91' lang='lat' dir='ltr'>cum</span> <span class='ocrx_word' id='word_1_266' title='bbox 1143 2814 1211 2861; x_wconf 90' lang='lat' dir='ltr'>ci-</span> 
     </span>
    </p>
   </div>
   <div class='ocr_carea' id='block_1_13' title="bbox 1288 2683 2072 2878">
    <p class='ocr_par' dir='ltr' id='par_1_14' title="bbox 1288 2683 2072 2878">
     <span class='ocr_line' id='line_1_35' title="bbox 1354 2683 2072 2763; baseline -0.003 -30"><span class='ocrx_word' id='word_1_267' title='bbox 1354 2751 1365 2759; x_wconf 44' lang='lat'><strong>·</strong></span> <span class='ocrx_word' id='word_1_268' title='bbox 1408 2687 1543 2752; x_wconf 81' lang='lat' dir='ltr'><em>&#39;ugum</em></span> <span class='ocrx_word' id='word_1_269' title='bbox 1575 2683 1835 2763; x_wconf 51' lang='lat' dir='ltr'>nfemorabilf:</span> <span class='ocrx_word' id='word_1_270' title='bbox 1851 2704 1974 2741; x_wconf 87' lang='lat' dir='ltr'>remo,</span> <span class='ocrx_word' id='word_1_271' title='bbox 2005 2683 2072 2732; x_wconf 75' lang='lat' dir='ltr'>de</span> 
     </span>
     <span class='ocr_line' id='line_1_36' title="bbox 1288 2748 2064 2878; baseline -0.001 -17"><span class='ocrx_word' id='word_1_272' title='bbox 1288 2827 1336 2862; x_wconf 66' lang='lat' dir='ltr'>et</span> <span class='ocrx_word' id='word_1_273' title='bbox 1351 2748 1710 2878; x_wconf 55' lang='grc' dir='ltr'>15ἓοἕῖῗρἑέἶὲ</span> <span class='ocrx_word' id='word_1_274' title='bbox 1714 2748 2064 2869; x_wconf 50' lang='lat' dir='ltr'>Iiussssvr‘igssssrff</span> 
     </span>
    </p>
   </div>
   <div class='ocr_carea' id='block_1_14' title="bbox 437 2881 1218 3582">
    <p class='ocr_par' dir='ltr' id='par_1_15' title="bbox 437 2881 1218 3582">
     <span class='ocr_line' id='line_1_37' title="bbox 437 2881 1214 2943; baseline 0.003 -20"><span class='ocrx_word' id='word_1_275' title='bbox 437 2893 560 2923; x_wconf 86' lang='lat' dir='ltr'>nere.</span> <span class='ocrx_word' id='word_1_276' title='bbox 648 2881 737 2940; x_wconf 87' lang='lat' dir='ltr'>sua</span> <span class='ocrx_word' id='word_1_277' title='bbox 783 2896 927 2935; x_wconf 84' lang='lat' dir='ltr'>arma,</span> <span class='ocrx_word' id='word_1_278' title='bbox 982 2898 1214 2943; x_wconf 82' lang='lat' dir='ltr'>remumque</span> 
     </span>
     <span class='ocr_line' id='line_1_38' title="bbox 438 2940 1212 3006; baseline 0.001 -18"><span class='ocrx_word' id='word_1_279' title='bbox 438 2942 677 3006; x_wconf 81' lang='lat' dir='ltr'><em>tubamque,</em></span> <span class='ocrx_word' id='word_1_280' title='bbox 699 2940 890 2989; x_wconf 78' lang='lat' dir='ltr'>sollenni</span> <span class='ocrx_word' id='word_1_281' title='bbox 905 2957 1029 2990; x_wconf 88' lang='lat' dir='ltr'>more</span> <span class='ocrx_word' id='word_1_282' title='bbox 1047 2958 1075 2988; x_wconf 88' lang='lat' dir='ltr'>a</span> <span class='ocrx_word' id='word_1_283' title='bbox 1095 2943 1212 2992; x_wconf 89' lang='lat' dir='ltr'>mul-</span> 
     </span>
     <span class='ocr_line' id='line_1_39' title="bbox 439 3004 1207 3071; baseline 0.007 -21"><span class='ocrx_word' id='word_1_284' title='bbox 439 3004 498 3052; x_wconf 84' lang='lat' dir='ltr'>tis</span> <span class='ocrx_word' id='word_1_285' title='bbox 539 3006 773 3062; x_wconf 84' lang='lat' dir='ltr'>illustrato,</span> <span class='ocrx_word' id='word_1_286' title='bbox 805 3006 942 3056; x_wconf 81' lang='lat' dir='ltr'>etiam</span> <span class='ocrx_word' id='word_1_287' title='bbox 979 3023 1035 3053; x_wconf 83' lang='lat' dir='ltr'>ex</span> <span class='ocrx_word' id='word_1_288' title='bbox 1065 3007 1207 3071; x_wconf 88' lang='lat' dir='ltr'>sepul-</span> 
     </span>
     <span class='ocr_line' id='line_1_40' title="bbox 438 3068 1210 3120; baseline 0.006 -5"><span class='ocrx_word' id='word_1_289' title='bbox 438 3069 544 3116; x_wconf 82' lang='lat' dir='ltr'>cris.</span> <span class='ocrx_word' id='word_1_290' title='bbox 577 3069 640 3117; x_wconf 91' lang='lat' dir='ltr'>cf.</span> <span class='ocrx_word' id='word_1_291' title='bbox 665 3068 861 3120; x_wconf 82' lang='lat' dir='ltr'>Fabrett.</span> <span class='ocrx_word' id='word_1_292' title='bbox 895 3071 951 3118; x_wconf 84' lang='lat' dir='ltr'>ad</span> <span class='ocrx_word' id='word_1_293' title='bbox 991 3071 1210 3120; x_wconf 87' lang='lat' dir='ltr'>Column.</span> 
     </span>
     <span class='ocr_line' id='line_1_41' title="bbox 441 3132 1211 3198; baseline 0.006 -20"><span class='ocrx_word' id='word_1_294' title='bbox 441 3132 569 3197; x_wconf 90' lang='lat' dir='ltr'>Traj.</span> <span class='ocrx_word' id='word_1_295' title='bbox 608 3150 712 3198; x_wconf 84' lang='lat' dir='ltr'>pag.</span> <span class='ocrx_word' id='word_1_296' title='bbox 759 3149 882 3198; x_wconf 84' lang='lat'><strong>374:</strong></span> <span class='ocrx_word' id='word_1_297' title='bbox 919 3151 1025 3182; x_wconf 89' lang='lat' dir='ltr'>cum</span> <span class='ocrx_word' id='word_1_298' title='bbox 1060 3148 1211 3183; x_wconf 84' lang='lat' dir='ltr'>autern</span> 
     </span>
     <span class='ocr_line' id='line_1_42' title="bbox 438 3197 1213 3248; baseline 0.005 -4"><span class='ocrx_word' id='word_1_299' title='bbox 438 3197 534 3244; x_wconf 87' lang='lat' dir='ltr'>haec</span> <span class='ocrx_word' id='word_1_300' title='bbox 556 3213 679 3245; x_wconf 85' lang='lat' dir='ltr'>arma</span> <span class='ocrx_word' id='word_1_301' title='bbox 710 3210 755 3245; x_wconf 89' lang='lat' dir='ltr'>et</span> <span class='ocrx_word' id='word_1_302' title='bbox 775 3199 1064 3247; x_wconf 85' lang='lat' dir='ltr'>instrumenta</span> <span class='ocrx_word' id='word_1_303' title='bbox 1084 3212 1213 3248; x_wconf 88' lang='lat' dir='ltr'>terrae</span> 
     </span>
     <span class='ocr_line' id='line_1_43' title="bbox 439 3260 1213 3328; baseline 0.005 -20"><span class='ocrx_word' id='word_1_304' title='bbox 439 3260 577 3309; x_wconf 85' lang='lat' dir='ltr'>infixa</span> <span class='ocrx_word' id='word_1_305' title='bbox 606 3262 722 3310; x_wconf 67' lang='lat' dir='ltr'>a&#39;elris</span> <span class='ocrx_word' id='word_1_306' title='bbox 742 3272 788 3309; x_wconf 94' lang='lat' dir='ltr'>et</span> <span class='ocrx_word' id='word_1_307' title='bbox 810 3264 1022 3327; x_wconf 87' lang='lat' dir='ltr'>temporis</span> <span class='ocrx_word' id='word_1_308' title='bbox 1044 3263 1213 3328; x_wconf 86' lang='lat' dir='ltr'>injuria</span> 
     </span>
     <span class='ocr_line' id='line_1_44' title="bbox 441 3327 1216 3391; baseline 0.006 -19"><span class='ocrx_word' id='word_1_309' title='bbox 441 3341 551 3375; x_wconf 79' lang='lat' dir='ltr'>mox</span> <span class='ocrx_word' id='word_1_310' title='bbox 590 3338 802 3391; x_wconf 87' lang='lat' dir='ltr'>corrupta</span> <span class='ocrx_word' id='word_1_311' title='bbox 841 3327 1095 3386; x_wconf 86' lang='lat' dir='ltr'>interirent,</span> <span class='ocrx_word' id='word_1_312' title='bbox 1125 3329 1216 3377; x_wconf 85' lang='lat' dir='ltr'>mi-</span> 
     </span>
     <span class='ocr_line' id='line_1_45' title="bbox 439 3391 1215 3449; baseline 0.006 -13"><span class='ocrx_word' id='word_1_313' title='bbox 439 3404 540 3440; x_wconf 75' lang='lat' dir='ltr'>rum</span> <span class='ocrx_word' id='word_1_314' title='bbox 580 3406 672 3439; x_wconf 86' lang='lat' dir='ltr'>non</span> <span class='ocrx_word' id='word_1_315' title='bbox 712 3393 791 3449; x_wconf 87' lang='lat' dir='ltr'>est,</span> <span class='ocrx_word' id='word_1_316' title='bbox 842 3391 1047 3440; x_wconf 82' lang='lat' dir='ltr'>alterum</span> <span class='ocrx_word' id='word_1_317' title='bbox 1074 3392 1215 3441; x_wconf 86' lang='lat' dir='ltr'>ritum</span> 
     </span>
     <span class='ocr_line' id='line_1_46' title="bbox 442 3453 1218 3521; baseline 0.008 -21"><span class='ocrx_word' id='word_1_318' title='bbox 442 3453 528 3502; x_wconf 78' lang='lat' dir='ltr'>effe</span> <span class='ocrx_word' id='word_1_319' title='bbox 558 3456 808 3516; x_wconf 77' lang='lat' dir='ltr'>praelatum,</span> <span class='ocrx_word' id='word_1_320' title='bbox 841 3467 891 3503; x_wconf 90' lang='lat' dir='ltr'>ut</span> <span class='ocrx_word' id='word_1_321' title='bbox 933 3473 986 3505; x_wconf 85' lang='lat' dir='ltr'>ea</span> <span class='ocrx_word' id='word_1_322' title='bbox 1022 3455 1076 3510; x_wconf 82' lang='lat' dir='ltr'>in</span> <span class='ocrx_word' id='word_1_323' title='bbox 1119 3457 1218 3521; x_wconf 85' lang='lat' dir='ltr'>ipso</span> 
     </span>
     <span class='ocr_line' id='line_1_47' title="bbox 443 3516 1215 3582; baseline 0.006 -17"><span class='ocrx_word' id='word_1_324' title='bbox 443 3516 643 3582; x_wconf 79' lang='lat' dir='ltr'>sepulcro</span> <span class='ocrx_word' id='word_1_325' title='bbox 681 3519 994 3573; x_wconf 84' lang='lat' dir='ltr'>conderentur.</span> <span class='ocrx_word' id='word_1_326' title='bbox 1061 3521 1215 3577; x_wconf 83' lang='lat' dir='ltr'>Iliaco·</span> 
     </span>
    </p>
   </div>
   <div class='ocr_carea' id='block_1_15' title="bbox 1289 2878 2103 3589">
    <p class='ocr_par' dir='ltr' id='par_1_16' title="bbox 1290 2878 1726 2942">
     <span class='ocr_line' id='line_1_48' title="bbox 1290 2878 1726 2942; baseline 0 -15"><span class='ocrx_word' id='word_1_327' title='bbox 1290 2878 1451 2942; x_wconf 82' lang='lat' dir='ltr'><strong>Odyff.</strong></span> <span class='ocrx_word' id='word_1_328' title='bbox 1471 2902 1526 2939; x_wconf 86' lang='grc' dir='ltr'>μ,</span> <span class='ocrx_word' id='word_1_329' title='bbox 1550 2894 1623 2940; x_wconf 81' lang='lat'>14.</span> <span class='ocrx_word' id='word_1_330' title='bbox 1654 2894 1726 2942; x_wconf 81' lang='lat'>15·</span> 
     </span>
    </p>

    <p class='ocr_par' dir='ltr' id='par_1_17' title="bbox 1289 2940 2103 3589">
     <span class='ocr_line' id='line_1_49' title="bbox 1357 2940 2069 3007; baseline -0.001 -17"><span class='ocrx_word' id='word_1_331' title='bbox 1357 2947 1452 3004; x_wconf 86' lang='lat'>236</span> <span class='ocrx_word' id='word_1_332' title='bbox 1475 2942 1571 3007; x_wconf 91' lang='lat' dir='ltr'><strong>sqq.</strong></span> <span class='ocrx_word' id='word_1_333' title='bbox 1606 2942 1746 2990; x_wconf 89' lang='lat' dir='ltr'>Nunc</span> <span class='ocrx_word' id='word_1_334' title='bbox 1790 2942 1848 2990; x_wconf 87' lang='lat' dir='ltr'>ad</span> <span class='ocrx_word' id='word_1_335' title='bbox 1889 2940 2069 3000; x_wconf 76' lang='lat' dir='ltr'>sacrum</span> 
     </span>
     <span class='ocr_line' id='line_1_50' title="bbox 1290 3005 2066 3065; baseline -0.003 -10"><span class='ocrx_word' id='word_1_336' title='bbox 1290 3007 1509 3056; x_wconf 86' lang='lat' dir='ltr'>Manibus</span> <span class='ocrx_word' id='word_1_337' title='bbox 1543 3006 1803 3055; x_wconf 86' lang='lat' dir='ltr'>faciendum</span> <span class='ocrx_word' id='word_1_338' title='bbox 1837 3005 1880 3053; x_wconf 90' lang='lat' dir='ltr'>se</span> <span class='ocrx_word' id='word_1_339' title='bbox 1913 3006 2066 3065; x_wconf 38' lang='lat' dir='ltr'>accitu</span> 
     </span>
     <span class='ocr_line' id='line_1_51' title="bbox 1289 3074 2074 3196; baseline -0.005 -11"><span class='ocrx_word' id='word_1_340' title='bbox 1289 3082 1663 3192; x_wconf 51' lang='lat'>{3253‘221&#39;53221’</span> <span class='ocrx_word' id='word_1_341' title='bbox 1665 3083 1916 3187; x_wconf 43' lang='grc' dir='ltr'>ῑῗωὲῑὲἑέὲ</span> <span class='ocrx_word' id='word_1_342' title='bbox 1941 3074 2074 3196; x_wconf 49' lang='grc' dir='ltr'>(ἐξ,</span> 
     </span>
     <span class='ocr_line' id='line_1_52' title="bbox 1289 3199 2071 3264; baseline -0.001 -15"><span class='ocrx_word' id='word_1_343' title='bbox 1289 3213 1386 3250; x_wconf 87' lang='lat' dir='ltr'><em>tuta</em></span> <span class='ocrx_word' id='word_1_344' title='bbox 1424 3199 1550 3262; x_wconf 82' lang='lat' dir='ltr'><em>lacu)</em></span> <span class='ocrx_word' id='word_1_345' title='bbox 1583 3210 1629 3248; x_wconf 88' lang='lat' dir='ltr'>et</span> <span class='ocrx_word' id='word_1_346' title='bbox 1670 3199 1759 3248; x_wconf 84' lang='lat' dir='ltr'>alia</span> <span class='ocrx_word' id='word_1_347' title='bbox 1791 3215 1928 3264; x_wconf 81' lang='lat' dir='ltr'>quam</span> <span class='ocrx_word' id='word_1_348' title='bbox 1965 3215 2071 3263; x_wconf 76' lang='lat' dir='ltr'>quae</span> 
     </span>
     <span class='ocr_line' id='line_1_53' title="bbox 1295 3263 2070 3330; baseline 0 -18"><span class='ocrx_word' id='word_1_349' title='bbox 1295 3263 1426 3330; x_wconf 90' lang='lat' dir='ltr'>supra</span> <span class='ocrx_word' id='word_1_350' title='bbox 1447 3281 1492 3312; x_wconf 79' lang='lat' dir='ltr'>v·</span> <span class='ocrx_word' id='word_1_351' title='bbox 1526 3281 1603 3327; x_wconf 84' lang='lat'>42-</span> <span class='ocrx_word' id='word_1_352' title='bbox 1628 3276 1874 3318; x_wconf 71' lang='lat' dir='ltr'>memorata</span> <span class='ocrx_word' id='word_1_353' title='bbox 1908 3264 1984 3311; x_wconf 87' lang='lat' dir='ltr'>est.</span> <span class='ocrx_word' id='word_1_354' title='bbox 2019 3281 2070 3321; x_wconf 73' lang='lat' dir='ltr'>v.⁴</span> 
     </span>
     <span class='ocr_line' id='line_1_54' title="bbox 1296 3328 2071 3385; baseline -0.001 -9"><span class='ocrx_word' id='word_1_355' title='bbox 1296 3329 1491 3378; x_wconf 84' lang='lat' dir='ltr'>Excurs.</span> <span class='ocrx_word' id='word_1_356' title='bbox 1525 3328 1615 3376; x_wconf 85' lang='lat' dir='ltr'><strong>III.</strong></span> <span class='ocrx_word' id='word_1_357' title='bbox 1701 3329 1911 3385; x_wconf 78' lang='lat' dir='ltr'>volantes,</span> <span class='ocrx_word' id='word_1_358' title='bbox 1941 3328 2071 3375; x_wconf 84' lang='lat' dir='ltr'>volu·</span> 
     </span>
     <span class='ocr_line' id='line_1_55' title="bbox 1296 3391 2103 3454; baseline -0.004 -13"><span class='ocrx_word' id='word_1_359' title='bbox 1296 3409 1409 3442; x_wconf 85' lang='lat' dir='ltr'>cres.</span> <span class='ocrx_word' id='word_1_360' title='bbox 1441 3393 1518 3441; x_wconf 89' lang='lat' dir='ltr'>Sic</span> <span class='ocrx_word' id='word_1_361' title='bbox 1558 3391 1633 3443; x_wconf 83' lang='lat'>111</span> <span class='ocrx_word' id='word_1_362' title='bbox 1669 3392 1765 3454; x_wconf 47' lang='lat' dir='ltr'>Ge2</span> <span class='ocrx_word' id='word_1_363' title='bbox 1801 3408 1887 3453; x_wconf 83' lang='lat'>147</span> <span class='ocrx_word' id='word_1_364' title='bbox 1923 3391 2072 3445; x_wconf 56' lang='lat' dir='ltr'>Plan·-</span> <span class='ocrx_word' id='word_1_365' title='bbox 2092 3424 2103 3428; x_wconf 80' lang='grc'><strong>-</strong></span> 
     </span>
     <span class='ocr_line' id='line_1_56' title="bbox 1296 3455 2073 3518; baseline -0.008 -9"><span class='ocrx_word' id='word_1_366' title='bbox 1296 3478 1387 3509; x_wconf 82' lang='lat' dir='ltr'>mus</span> <span class='ocrx_word' id='word_1_367' title='bbox 1403 3457 1606 3517; x_wconf 49' lang='lat' dir='ltr'>‘melitana⁴</span> <span class='ocrx_word' id='word_1_368' title='bbox 1674 3456 1752 3509; x_wconf 81' lang='lat' dir='ltr'>De</span> <span class='ocrx_word' id='word_1_369' title='bbox 1769 3474 1812 3504; x_wconf 87' lang='lat' dir='ltr'>v.</span> <span class='ocrx_word' id='word_1_370' title='bbox 1837 3472 1930 3518; x_wconf 82' lang='lat'>242</span> <span class='ocrx_word' id='word_1_371' title='bbox 1954 3455 2073 3516; x_wconf 45' lang='lat' dir='ltr'>Varq</span> 
     </span>
     <span class='ocr_line' id='line_1_57' title="bbox 1296 3518 2079 3589; baseline -0.008 -17"><span class='ocrx_word' id='word_1_372' title='bbox 1296 3521 1425 3573; x_wconf 70' lang='lat' dir='ltr'>Lest-</span> <span class='ocrx_word' id='word_1_373' title='bbox 1492 3520 1678 3571; x_wconf 77' lang='lat' dir='ltr'>Sacrurn</span> <span class='ocrx_word' id='word_1_374' title='bbox 1717 3533 1846 3589; x_wconf 82' lang='lat' dir='ltr'>parat</span> <span class='ocrx_word' id='word_1_375' title='bbox 1875 3519 1957 3569; x_wconf 84' lang='lat' dir='ltr'>sub</span> <span class='ocrx_word' id='word_1_376' title='bbox 1997 3518 2079 3583; x_wconf 69' lang='lat' dir='ltr'>ip·</span> 
     </span>
    </p>
   </div>
   <div class='ocr_carea' id='block_1_16' title="bbox 1971 3583 2147 3663">
    <p class='ocr_par' dir='ltr' id='par_1_18' title="bbox 1971 3583 2147 3663">
     <span class='ocr_line' id='line_1_58' title="bbox 1971 3583 2147 3663; baseline 0.006 -29"><span class='ocrx_word' id='word_1_377' title='bbox 1971 3583 2081 3648; x_wconf 56' lang='lat' dir='ltr'>sunt</span> <span class='ocrx_word' id='word_1_378' title='bbox 2140 3661 2147 3663; x_wconf 11' lang='grc' dir='ltr'><strong><em>Α</em></strong></span> 
     </span>
    </p>
   </div>
   <div class='ocr_carea' id='block_1_17' title="bbox 2185 0 2294 3652">
    <p class='ocr_par' dir='ltr' id='par_1_19' title="bbox 2185 0 2294 3652">
     <span class='ocr_line' id='line_1_59' title="bbox 2185 0 2294 3652; baseline 0 0"><span class='ocrx_word' id='word_1_379' title='bbox 2185 0 2294 3652; x_wconf 95' lang='lat' dir='ltr'> </span> 
     </span>
    </p>
   </div>
  </div>
 </body>
</html>
