2294 4030
435 311 550 376 688
669 303 738 366 Ρ.
788 294 1257 361 VIRGILII
1317 295 1816 362 MARONIS

430 458 607 519 Ibant
633 451 864 514 obscuri
892 450 1012 510 sola
1039 448 1145 510 sub
1172 449 1344 509 nofile
1367 470 1479 530 per
1501 451 1799 525 umbram,

431 566 660 647 Perque
677 566 884 625 domos
913 563 1073 624 Ditis
1103 581 1332 651 vacuaS,
1355 576 1414 621 et
1442 561 1639 621 inania
1662 583 1867 644 regna.

430 682 622 763 Qale
647 697 753 757 per
778 677 1064 736 incertam
1096 672 1328 731 Lunam
1357 670 1465 732 sub
1489 672 1624 741 luce
1649 666 1915 753 rnaligna
1943 687 2068 750 270

424 795 531 856 Est
558 795 670 853 iter
698 792 760 850 in
787 787 941 848 filvis
963 809 977 844 :
999 784 1104 844 ubi
1131 783 1357 845 coelum
1385 784 1658 845 condidit
1684 785 1900 846 umbra

430 906 726 986 Juppiter,
755 917 812 961 et
837 899 1008 960 rebus
1038 916 1155 956 nox
1185 896 1423 962 abstulit
1450 911 1577 962 atra
1596 898 1881 964 colorem.

426 1018 798 1087 Vestibulum
821 1027 955 1073 ante
974 1009 1170 1094 ipsum
1189 1009 1516 1093 primisque
1535 1010 1595 1071 in
1618 1011 1888 1077 faucibus
1909 1011 2059 1075 Orci

480 1152 574 1195 268.
590 1151 729 1207 obscura
736 1149 802 1205 fhli
821 1146 930 1187 Gud.
958 1159 980 1184 a
1000 1157 1055 1184 m.
1077 1156 1159 1197 pr„
1184 1152 1230 1183 ut
1251 1142 1416 1196 quidam
1436 1156 1500 1196 ap.
1521 1143 1625 1186 Pier.
1682 1145 1825 1198 obscura
1830 1145 1910 1201 Jbla
1931 1142 2066 1184 Gotha

424 1216 538 1256 alter.
586 1226 653 1269 per
680 1214 837 1253 umbram
856 1209 999 1249 Heins.
1035 1222 1056 1248 e
1076 1207 1307 1248 melioribus
1334 1206 1413 1247 suis
1432 1217 1472 1247 et
1498 1208 1605 1250 Pier.
1663 1209 1802 1263 Vulgo
1815 1221 1886 1265 per
1902 1208 2060 1250 umbras.

535 1289 624 1328 270.
646 1279 808 1316 incertam
827 1276 968 1314 Lunam
988 1280 1027 1311 et
1047 1270 1151 1310 ratio
1172 1279 1212 1309 et
1232 1270 1408 1324 optimus
1427 1270 1591 1324 quisque
1611 1273 1725 1312 codd.
1748 1273 1939 1326 agnoscit.
1971 1272 2058 1314 Alii

424 1353 559 1383 tamen
579 1355 641 1394 ap.
666 1340 770 1378 Pier.
800 1347 840 1387 et
858 1335 995 1383 Heius.
1028 1348 1072 1374 ac
1093 1336 1232 1373 Burm.
1260 1337 1462 1387 incoeptam,
1496 1334 1605 1387 quod
1629 1343 1670 1375 et
1690 1336 1849 1375 Servius
1867 1336 2063 1398 agnoscit,

425 1418 481 1455 ct,
509 1406 614 1459 quod
636 1405 784 1444 mirum
810 1402 878 1449 est,
908 1414 988 1440 non
1020 1398 1235 1452 improbat.

1304 1433 1307 1435 ,
1343 1393 1444 1448 273.
1472 1415 1540 1454 quo
1566 1399 1674 1440 abest
1698 1414 1722 1440 a
1747 1400 1886 1442 multis
1909 1402 2018 1443 Piert
2033 1415 2060 1447 a

426 1472 531 1513 Gud.
560 1479 600 1510 et
618 1469 688 1520 al„
710 1467 776 1508 sed
789 1465 1015 1521 agnoscitur
1035 1477 1058 1503 a
1079 1462 1184 1502 Gen.
1201 1471 1241 1502 et
1255 1461 1435 1503 Macrob.
1455 1476 1523 1521 ap.
1543 1463 1681 1506 Burm.

424 1576 707 1629 memorabili
742 1577 896 1640 aliquo
918 1590 1066 1622 rerum
1088 1571 1199 1620 arti-

423 1644 529 1693 culo
549 1642 884 1690 invocationem
906 1639 1021 1686 facit
1073 1642 1196 1686 oeta.

424 1709 504 1768 Ad
564 1707 829 1756 sententiam
897 1703 960 1752 cf.
1069 1718 1196 1749 enee.

424 1775 566 1821 Herc.
591 1771 679 1818 fur.
705 1770 978 1834 658-661,
1044 1766 1194 1813 Caete-

423 1855 520 1886 rum
543 1838 590 1884 in
608 1835 827 1882 Servianis
850 1834 909 1881 ad
929 1834 974 1881 h.
993 1848 1038 1878 v.
1057 1839 1093 1867 ‘-‘
1119 1830 1193 1877 Ex

421 1912 457 1933 ‘⁶
495 1903 661 1965 majore
707 1912 856 1947 autem
901 1908 1030 1962 parte
1058 1895 1194 1957 Syro-

420 1978 456 1998 “
492 1983 612 2021 nem,
631 1964 680 2011 id
695 1966 772 2020 est,
789 1962 1045 2027 magistrum
1064 1960 1192 2007 suum

420 2026 956 2095 Epicureum,sequitur''
984 2024 1065 2092 (of.
1091 2023 1191 2070 Do-

421 2108 512 2143 nat.
548 2094 594 2139 V
598 2093 652 2141 it.
692 2092 831 2155 Virg.
869 2090 910 2154 ᾗ.
946 2093 1048 2155 79).
1112 2088 1189 2134 In-

419 2162 551 2207 docle
604 2159 707 2204 hoe.
796 2156 920 2203 Nam
977 2152 1190 2216 Epicurei

417 2221 666 2273 alienissimi
698 2220 755 2268 ab
793 2221 864 2267 his
903 2218 1081 2267 fabulis,
1124 2217 1188 2267 cf.

416 2290 599 2337 Lucret.
638 2286 729 2341 ΙΙΙ,
768 2301 855 2349 951
884 2284 983 2348 sqq.
1051 2282 1191 2330 Chaos

418 2354 531 2401 bene
564 2352 822 2405 invocatur,
856 2365 913 2396 ex
948 2365 1040 2411 quo
1075 2347 1189 2396 Nox

416 2430 464 2466 et
505 2415 676 2471 Erebus
728 2426 872 2462 natus,
937 2412 1192 2479 Phlegethon

417 2481 604 2530 omnino
633 2495 714 2545 pro
751 2477 865 2525 locis
897 2477 1070 2534 inferis,
1113 2476 1189 2525 sed

416 2547 476 2594 ad
495 2559 705 2593 terrorem
725 2542 979 2589 nominatus
994 2559 1084 2607 prae
1105 2559 1190 2594 cae-

414 2610 541 2658 teris·
577 2607 701 2656 conf.
727 2606 813 2654 inf.
839 2623 930 2671 550
954 2607 1053 2670 sqq.
1121 2609 1190 2655 Sit

412 2682 578 2723 numine
598 2693 652 2722 v.
690 2672 735 2719 h.
772 2671 904 2719 liceat
924 2688 1003 2734 per
1023 2687 1188 2720 numen

414 2741 633 2797 vestrum3
663 2749 878 2801 quantum
897 2736 955 2782 ad
978 2753 1057 2783 vos
1078 2736 1185 2784 atti-

416 2815 512 2860 net,
533 2803 581 2850 h.
602 2819 643 2849 e.
667 2818 771 2848 cum
794 2800 924 2848 venia
945 2801 1100 2848 vestra.

480 2869 751 2929 268-272.
799 2865 960 2934 obscuri
1000 2865 1187 2929 poetico

412 2943 572 2981 ornatu
593 2930 849 2978 transsatum
871 2929 1108 2994 epitheton
1129 2929 1187 2978 ab

414 2998 574 3045 umbra
595 2997 666 3043 vel
686 2995 830 3042 noste.
893 2997 1023 3043 domos
1039 2993 1185 3060 fimpl.

414 3078 497 3126 pro
542 3061 669 3108 locis.
757 3067 956 3107 incertam
997 3061 1185 3116 Lunam,

414 3125 574 3173 nubilo
587 3125 720 3179 caelo,
741 3124 860 3171 unde
875 3122 953 3172 lux
974 3123 1184 3190 maltgna,

413 3206 567 3252 parca,
608 3189 785 3237 infirma
817 3203 869 3234 ac
913 3187 1090 3246 tenuis;
1133 3198 1185 3235 ut

413 3264 571 3301 contra
612 3253 808 3316 bemgnus
841 3251 1083 3315 *interdum
1123 3252 1184 3300 est

415 3318 583 3381 largus,
621 3317 807 3366 multus.
890 3317 1052 3366 Incerti
1071 3317 1184 3379 [οἶες

415 3383 510 3446 sup.
524 3381 614 3438 III,
631 3397 739 3442 203.
764 3396 874 3442 204.
906 3381 1020 3433 ἀῗδνη
1036 3384 1184 3434 σκοτίη

415 3458 488 3509 ap'.
523 3446 738 3510 Apollon.
772 3444 866 3506 IV,
907 3449 1044 3514 1697.
1071 3447 1184 3500 add.

411 3510 562 3573 Corda
577 3521 624 3565 'et
644 3507 799 3569 Burm.
1014 3520 1015 3523 ’

1279 1572 2057 1688 cibi12³Jigit⁶u1ii2ffii1⁰1ff5322ss

1279 1715 1381 1746 rum
1438 1701 1676 1749 constituta
1726 1719 1797 1759 ea,
1840 1717 1941 1767 quae
1981 1705 2054 1756 vel

1278 1776 1469 1812 mortem
1510 1767 1730 1815 arcess‘unt
1783 1769 1852 1815 vel
1907 1769 2053 1818 morti

1275 1827 1379 1875 sunt
1413 1829 1567 1877 vicina
1603 1833 1675 1880 vel
1693 1831 1743 1879 in
1766 1844 1911 1880 morte
1933 1831 2053 1891 suntq

1274 1893 1397 1940 conf.
1452 1894 1576 1942 Serv.
1655 1895 1908 1943 Imitatores
1959 1898 2054 1947 Ioci

1269 1957 1365 2018 jam
1413 1959 1632 2008 excitavit
1682 1962 1834 2011 Cerda
1885 1960 2052 2018 Silium

1277 2021 1442 2080 (XIII,
1499 2041 1590 2090 579
1641 2025 1782 2090 sqq.),
1836 2025 2054 2077 Senecam

1277 2085 1424 2134 Herc.
1465 2087 1557 2136 fur.
1594 2092 1707 2153 (689
1741 2090 1879 2156 sqq.),
1911 2092 2053 2140 Clau-

1275 2149 1400 2198 dian.
1439 2151 1488 2199 in
1513 2153 1621 2202 Ruf.
1666 2155 1732 2218 (I,
1758 2171 1818 2220 29
1842 2156 1983 2220 sqq.),
2005 2169 2054 2206 at

1274 2230 1300 2261 e
1323 2215 1645 2266 recentioribus
1662 2221 1952 2284 Spencerum,
1973 2221 2053 2271 ubi

1275 2277 1555 2329 Mammonae
1604 2296 1781 2332 antrum
1834 2286 2052 2335 deser-ibit

1275 2344 1447 2410 (Faery
1459 2348 1607 2410 Qeen
1622 2349 1683 2396 II
1700 2351 1755 2397 B.
1777 2351 1916 2399 Canto
1935 2353 2052 2403 VH.

1272 2409 1396 2457 XXI
1393 2416 1453 2471 );
1477 2423 1521 2459 et
1544 2412 1794 2461 Miltonum
1817 2417 2054 2481 (Paradtst

1273 2473 1344 2537 lost
1365 2474 1418 2524 Β.
1450 2475 1493 2532 Ι,
1533 2479 1646 2541 624)
1671 2478 1700 2524 S
1733 2478 1904 2528 encius.
1968 2480 2048 2529 In-

1272 2538 1456 2602 geniosa
1496 2558 1676 2614 quoque
1749 2544 1947 2593 enelonii
1986 2547 2050 2596 est

1272 2602 1408 2661 tatio,
1445 2621 1526 2669 qul
1549 2606 1751 2663 Plutonis
1769 2608 1932 2665 throno
1953 2611 2049 2670 affi-

1272 2667 1428 2715 dentia
1465 2670 1560 2732 haec
1605 2673 1796 2726 monstra
1845 2673 2047 2725 exhibet.

1276 2731 1461 2781 Praeivit
1483 2734 1713 2786 Hesiodus,
1732 2737 1936 2803 Theog„
1971 2740 2051 2789 ubi

1270 2796 1330 2844 de
1375 2797 1603 2852 Tartaro:
1659 2817 1772 2866 744,
1820 2801 1882 2849 in⁴
1918 2804 2048 2867 cujua

1271 2861 1400 2912 aditu
1435 2866 1599 2913 Νυκτὸς
1625 2869 1785 2928 &gela-»355
1799 2868 1910 2916 οἰκία
1938 2867 2046 2919 δειναὶ

1258 2929 1464 2986 '‘io-vnum
1490 2941 1593 2981 ante
1613 2946 1713 2985 eam
1747 2931 1938 2981 domurn
1961 2923 2047 2992 stat

1271 2992 1426 3048 Atlas,
1466 2993 1647 3047 Caelum
1685 2995 1884 3047 humeris
1923 2997 2047 3046 susti·
2093 2996 2098 3000 ’

1269 3071 1399 3113 ηεηε,
1460 3056 1532 3114 Ex
1553 3075 1607 3106 ea
1620 3060 1761 3117 dmno
1777 3062 2052 3124 prodeuntes

1269 3119 1385 3170 Nox
1427 3133 1474 3172 et
1515 3122 1628 3174 Dies
1669 3124 1755 3174 fibi
1794 3141 1876 3189 per
1923 3125 2047 3177 vices

1267 3184 1530 3240 succedunt.
1627 3188 1806 3238 Ibidem
1882 3192 2046 3243 Νυκτὸς

1264 3251 1412 3300 παῖδες
1429 3256 1588 3316 ἐρεμνῆς
1605 3255 1704 3310 oinl'
1723 3257 2045 3318 ἐ’χ8σιν,”’Τπνοε

1266 3317 1343 3364 καὶ
1380 3318 1588 3366 Θάνατος.
1653 3318 1807 3367 Etiam
1827 3318 1877 3367 in
1909 3319 2042 3378 aditu

1267 3381 1454 3429 Tartari
1472 3383 1534 3430 est
1555 3382 1680 3447 regia
1702 3381 1852 3431 Hadis
1865 3395 1912 3432 et
1930 3384 2042 3434 Pro-

1264 3445 1449 3510 serpinae
1462 3464 1477 3502 3
1520 3447 1616 3512 776
1641 3447 1820 3504 tandem
1841 3458 1887 3496 et
1907 3449 2039 3512 Styx.
2067 3438 2073 3460 x

1263 3509 1389 3565 conf.
1409 3511 1675 3572 CommeatA
1690 3512 1749 3571 de
1764 3512 1898 3626 Tlheo
1930 3513 2043 3628 ogia

1831 3627 1835 3630 ,
1871 3591 1895 3625 e
1930 3595 1958 3627 o
1989 3593 2048 3638 ea,
