<?xml version="1.0" encoding="UTF-8"?>
<!DOCTYPE html PUBLIC "-//W3C//DTD XHTML 1.0 Transitional//EN"
    "http://www.w3.org/TR/xhtml1/DTD/xhtml1-transitional.dtd">
<html xmlns="http://www.w3.org/1999/xhtml" xml:lang="en" lang="en">
 <head>
  <title>
</title>
<meta http-equiv="Content-Type" content="text/html;charset=utf-8" />
  <meta name='ocr-system' content='tesseract 3.04.00' />
  <meta name='ocr-capabilities' content='ocr_page ocr_carea ocr_par ocr_line ocrx_word'/>
</head>
<body>
  <div class='ocr_page' id='page_1' title='image "./operavarietatele02virguoft_0281.png"; bbox 0 0 2294 4030; ppageno 0'>
   <div class='ocr_carea' id='block_1_1' title="bbox 574 240 1825 345">
    <p class='ocr_par' dir='ltr' id='par_1_1' title="bbox 574 240 1825 345">
     <span class='ocr_line' id='line_1_1' title="bbox 574 240 1825 345; baseline 0.02 -43"><span class='ocrx_word' id='word_1_1' title='bbox 574 240 1082 323; x_wconf 89' lang='lat' dir='ltr'>AENEIDOS,</span> <span class='ocrx_word' id='word_1_2' title='bbox 1142 251 1328 317; x_wconf 91' lang='lat' dir='ltr'>LIB.</span> <span class='ocrx_word' id='word_1_3' title='bbox 1390 258 1474 320; x_wconf 93' lang='grc' dir='ltr'><strong>ΙΙ.·</strong></span> <span class='ocrx_word' id='word_1_4' title='bbox 1635 287 1638 291; x_wconf 72' lang='grc'>’</span> <span class='ocrx_word' id='word_1_5' title='bbox 1720 273 1825 345; x_wconf 83' lang='lat'>185</span> 
     </span>
    </p>
   </div>
   <div class='ocr_carea' id='block_1_2' title="bbox 186 406 1840 1174">
    <p class='ocr_par' dir='ltr' id='par_1_2' title="bbox 186 406 1840 1174">
     <span class='ocr_line' id='line_1_2' title="bbox 202 406 1840 499; baseline 0.016 -35"><span class='ocrx_word' id='word_1_6' title='bbox 202 406 501 488; x_wconf 82' lang='lat' dir='ltr'>Sanguine</span> <span class='ocrx_word' id='word_1_7' title='bbox 527 409 801 488; x_wconf 84' lang='lat' dir='ltr'>placastis</span> <span class='ocrx_word' id='word_1_8' title='bbox 830 429 1036 474; x_wconf 86' lang='lat' dir='ltr'>ventos</span> <span class='ocrx_word' id='word_1_9' title='bbox 1065 431 1124 476; x_wconf 91' lang='lat' dir='ltr'>et</span> <span class='ocrx_word' id='word_1_10' title='bbox 1151 418 1385 499; x_wconf 86' lang='lat' dir='ltr'>virgine</span> <span class='ocrx_word' id='word_1_11' title='bbox 1405 424 1574 497; x_wconf 76' lang='lat' dir='ltr'>caesa,</span> <span class='ocrx_word' id='word_1_12' title='bbox 1714 449 1737 488; x_wconf 92' lang='lat'>1</span> <span class='ocrx_word' id='word_1_13' title='bbox 1757 431 1840 489; x_wconf 37' lang='lat'>16*</span> 
     </span>
     <span class='ocr_line' id='line_1_3' title="bbox 200 520 1694 602; baseline 0.015 -24"><span class='ocrx_word' id='word_1_14' title='bbox 200 520 408 601; x_wconf 80' lang='lat' dir='ltr'>Qum</span> <span class='ocrx_word' id='word_1_15' title='bbox 436 520 703 598; x_wconf 87' lang='lat' dir='ltr'>primum</span> <span class='ocrx_word' id='word_1_16' title='bbox 726 522 932 583; x_wconf 84' lang='lat' dir='ltr'>Iliacas</span> <span class='ocrx_word' id='word_1_17' title='bbox 965 526 1156 586; x_wconf 87' lang='lat' dir='ltr'>Danai</span> <span class='ocrx_word' id='word_1_18' title='bbox 1179 531 1410 595; x_wconf 88' lang='lat' dir='ltr'>venistis</span> <span class='ocrx_word' id='word_1_19' title='bbox 1428 537 1501 595; x_wconf 86' lang='lat' dir='ltr'>ad</span> <span class='ocrx_word' id='word_1_20' title='bbox 1529 557 1654 600; x_wconf 86' lang='lat' dir='ltr'>oras</span> <span class='ocrx_word' id='word_1_21' title='bbox 1678 566 1694 602; x_wconf 71' lang='grc' dir='ltr'><strong><em>ι</em></strong></span> 
     </span>
     <span class='ocr_line' id='line_1_4' title="bbox 197 631 1748 724; baseline 0.017 -34"><span class='ocrx_word' id='word_1_22' title='bbox 197 631 496 712; x_wconf 85' lang='lat' dir='ltr'>Sanguine</span> <span class='ocrx_word' id='word_1_23' title='bbox 519 637 824 714; x_wconf 87' lang='lat' dir='ltr'>quaerendi</span> <span class='ocrx_word' id='word_1_24' title='bbox 846 639 1089 712; x_wconf 81' lang='lat' dir='ltr'>redituS,</span> <span class='ocrx_word' id='word_1_25' title='bbox 1116 642 1433 724; x_wconf 85' lang='lat' dir='ltr'>animaque</span> <span class='ocrx_word' id='word_1_26' title='bbox 1455 650 1748 716; x_wconf 88' lang='lat' dir='ltr'>litandum</span> 
     </span>
     <span class='ocr_line' id='line_1_5' title="bbox 193 748 1666 830; baseline 0.014 -25"><span class='ocrx_word' id='word_1_27' title='bbox 193 748 502 828; x_wconf 74' lang='lat' dir='ltr'>Argolica.</span> <span class='ocrx_word' id='word_1_28' title='bbox 585 748 762 830; x_wconf 85' lang='lat' dir='ltr'>Volgi</span> <span class='ocrx_word' id='word_1_29' title='bbox 790 771 928 830; x_wconf 88' lang='lat' dir='ltr'>quae</span> <span class='ocrx_word' id='word_1_30' title='bbox 957 775 1074 816; x_wconf 89' lang='lat' dir='ltr'>vox</span> <span class='ocrx_word' id='word_1_31' title='bbox 1098 771 1164 817; x_wconf 91' lang='lat' dir='ltr'>ut</span> <span class='ocrx_word' id='word_1_32' title='bbox 1184 760 1346 824; x_wconf 88' lang='lat' dir='ltr'>venit</span> <span class='ocrx_word' id='word_1_33' title='bbox 1373 763 1447 822; x_wconf 89' lang='lat' dir='ltr'>ad</span> <span class='ocrx_word' id='word_1_34' title='bbox 1477 768 1666 827; x_wconf 84' lang='lat' dir='ltr'>auris:</span> 
     </span>
     <span class='ocr_line' id='line_1_6' title="bbox 193 861 1830 952; baseline 0.015 -33"><span class='ocrx_word' id='word_1_35' title='bbox 193 861 568 943; x_wconf 89' lang='lat' dir='ltr'>Obstupuere</span> <span class='ocrx_word' id='word_1_36' title='bbox 585 865 820 937; x_wconf 81' lang='lat' dir='ltr'>animiS‚</span> <span class='ocrx_word' id='word_1_37' title='bbox 830 868 1176 950; x_wconf 90' lang='lat' dir='ltr'>gelidusque</span> <span class='ocrx_word' id='word_1_38' title='bbox 1191 874 1426 952; x_wconf 89' lang='lat' dir='ltr'>perima</span> <span class='ocrx_word' id='word_1_39' title='bbox 1441 880 1697 939; x_wconf 88' lang='lat' dir='ltr'><strong>cucurrit</strong></span> <span class='ocrx_word' id='word_1_40' title='bbox 1713 902 1733 940; x_wconf 93' lang='lat'>1</span> <span class='ocrx_word' id='word_1_41' title='bbox 1749 900 1830 945; x_wconf 71' lang='lat'>20‘</span> 
     </span>
     <span class='ocr_line' id='line_1_7' title="bbox 191 972 1822 1070; baseline 0.014 -39"><span class='ocrx_word' id='word_1_42' title='bbox 191 972 330 1032; x_wconf 80' lang='lat' dir='ltr'>offa</span> <span class='ocrx_word' id='word_1_43' title='bbox 358 988 609 1045; x_wconf 80' lang='lat' dir='ltr'>tremor3</span> <span class='ocrx_word' id='word_1_44' title='bbox 642 979 739 1036; x_wconf 87' lang='lat' dir='ltr'>cui</span> <span class='ocrx_word' id='word_1_45' title='bbox 773 977 890 1038; x_wconf 83' lang='lat' dir='ltr'>fata</span> <span class='ocrx_word' id='word_1_46' title='bbox 910 996 1136 1058; x_wconf 91' lang='lat' dir='ltr'>parent,</span> <span class='ocrx_word' id='word_1_47' title='bbox 1157 1003 1338 1062; x_wconf 89' lang='lat' dir='ltr'>quem</span> <span class='ocrx_word' id='word_1_48' title='bbox 1360 986 1560 1064; x_wconf 86' lang='lat' dir='ltr'>poscat</span> <span class='ocrx_word' id='word_1_49' title='bbox 1580 991 1822 1070; x_wconf 76' lang='lat' dir='ltr'>Apollo,</span> 
     </span>
     <span class='ocr_line' id='line_1_8' title="bbox 186 1088 1698 1174; baseline 0.011 -26"><span class='ocrx_word' id='word_1_50' title='bbox 186 1088 318 1149; x_wconf 88' lang='lat' dir='ltr'>Hic</span> <span class='ocrx_word' id='word_1_51' title='bbox 345 1089 581 1150; x_wconf 84' lang='lat' dir='ltr'>Ithacus</span> <span class='ocrx_word' id='word_1_52' title='bbox 608 1105 802 1151; x_wconf 86' lang='lat' dir='ltr'>vatem</span> <span class='ocrx_word' id='word_1_53' title='bbox 830 1114 1051 1174; x_wconf 83' lang='lat' dir='ltr'>magno</span> <span class='ocrx_word' id='word_1_54' title='bbox 1081 1097 1405 1158; x_wconf 81' lang='lat' dir='ltr'>Calchanta</span> <span class='ocrx_word' id='word_1_55' title='bbox 1435 1105 1698 1167; x_wconf 87' lang='lat' dir='ltr'>tumultu</span> 
     </span>
    </p>
   </div>
   <div class='ocr_carea' id='block_1_3' title="bbox 185 1198 1821 1296">
    <p class='ocr_par' dir='ltr' id='par_1_3' title="bbox 185 1198 1821 1296">
     <span class='ocr_line' id='line_1_9' title="bbox 185 1198 1821 1296; baseline 0.012 -37"><span class='ocrx_word' id='word_1_56' title='bbox 185 1198 493 1260; x_wconf 85' lang='lat' dir='ltr'>Protrahit</span> <span class='ocrx_word' id='word_1_57' title='bbox 518 1199 580 1260; x_wconf 92' lang='lat' dir='ltr'>in</span> <span class='ocrx_word' id='word_1_58' title='bbox 610 1203 837 1263; x_wconf 86' lang='lat' dir='ltr'>medios</span> <span class='ocrx_word' id='word_1_59' title='bbox 862 1227 876 1263; x_wconf 78' lang='lat'>2</span> <span class='ocrx_word' id='word_1_60' title='bbox 920 1227 1057 1285; x_wconf 91' lang='lat' dir='ltr'>quae</span> <span class='ocrx_word' id='word_1_61' title='bbox 1087 1207 1198 1267; x_wconf 89' lang='lat' dir='ltr'>fint</span> <span class='ocrx_word' id='word_1_62' title='bbox 1226 1230 1292 1268; x_wconf 83' lang='lat' dir='ltr'>ea</span> <span class='ocrx_word' id='word_1_63' title='bbox 1323 1214 1566 1273; x_wconf 84' lang='lat' dir='ltr'>numina</span> <span class='ocrx_word' id='word_1_64' title='bbox 1595 1217 1821 1296; x_wconf 59' lang='lat' dir='ltr'>divsom,</span> 
     </span>
    </p>
   </div>
   <div class='ocr_carea' id='block_1_4' title="bbox 930 1385 1819 1496">
    <p class='ocr_par' dir='ltr' id='par_1_4' title="bbox 930 1385 1819 1496">
     <span class='ocr_line' id='line_1_10' title="bbox 930 1385 1815 1443; baseline 0.008 -18"><span class='ocrx_word' id='word_1_65' title='bbox 930 1385 1022 1426; x_wconf 88' lang='lat'>118.</span> <span class='ocrx_word' id='word_1_66' title='bbox 1047 1390 1260 1441; x_wconf 79' lang='lat' dir='ltr'><em>animamque</em></span> <span class='ocrx_word' id='word_1_67' title='bbox 1289 1392 1490 1443; x_wconf 79' lang='lat' dir='ltr'><em>Argolicam</em></span> <span class='ocrx_word' id='word_1_68' title='bbox 1528 1393 1627 1431; x_wconf 83' lang='lat' dir='ltr'>alter</span> <span class='ocrx_word' id='word_1_69' title='bbox 1665 1392 1815 1432; x_wconf 83' lang='lat' dir='ltr'>Hamb.</span> 
     </span>
     <span class='ocr_line' id='line_1_11' title="bbox 1212 1457 1819 1496; baseline 0.005 -4"><span class='ocrx_word' id='word_1_70' title='bbox 1212 1465 1302 1494; x_wconf 86' lang='lat'><em>120.</em></span> <span class='ocrx_word' id='word_1_71' title='bbox 1333 1459 1441 1493; x_wconf 85' lang='lat' dir='ltr'>animi</span> <span class='ocrx_word' id='word_1_72' title='bbox 1460 1457 1633 1496; x_wconf 86' lang='lat' dir='ltr'>Servius.</span> <span class='ocrx_word' id='word_1_73' title='bbox 1691 1458 1755 1496; x_wconf 88' lang='lat' dir='ltr'>Sic</span> <span class='ocrx_word' id='word_1_74' title='bbox 1778 1465 1819 1495; x_wconf 91' lang='lat' dir='ltr'>et</span> 
     </span>
    </p>
   </div>
   <div class='ocr_carea' id='block_1_5' title="bbox 818 1408 924 1415">
    <p class='ocr_par' dir='ltr' id='par_1_5' title="bbox 818 1408 924 1415">
     <span class='ocr_line' id='line_1_12' title="bbox 818 1408 924 1415; baseline 0 2615"><span class='ocrx_word' id='word_1_75' title='bbox 818 1408 924 1415; x_wconf 95' lang='lat' dir='ltr'> </span> 
     </span>
    </p>
   </div>
   <div class='ocr_carea' id='block_1_6' title="bbox 179 1369 1817 1573">
    <p class='ocr_par' dir='ltr' id='par_1_6' title="bbox 179 1369 1817 1573">
     <span class='ocr_line' id='line_1_13' title="bbox 239 1369 814 1439; baseline 0.002 -17"><span class='ocrx_word' id='word_1_76' title='bbox 239 1381 330 1423; x_wconf 87' lang='lat'>116.</span> <span class='ocrx_word' id='word_1_77' title='bbox 354 1369 506 1439; x_wconf 47' lang='lat' dir='ltr'>p⁵lacasti</span> <span class='ocrx_word' id='word_1_78' title='bbox 535 1383 636 1431; x_wconf 83' lang='lat' dir='ltr'>alter</span> <span class='ocrx_word' id='word_1_79' title='bbox 667 1384 814 1424; x_wconf 88' lang='lat' dir='ltr'>Hamb.</span> 
     </span>
     <span class='ocr_line' id='line_1_14' title="bbox 182 1447 1096 1504; baseline 0.005 -19"><span class='ocrx_word' id='word_1_80' title='bbox 182 1457 275 1485; x_wconf 89' lang='lat' dir='ltr'>cum</span> <span class='ocrx_word' id='word_1_81' title='bbox 295 1447 478 1500; x_wconf 86' lang='lat' dir='ltr'>Longob.</span> <span class='ocrx_word' id='word_1_82' title='bbox 530 1450 700 1487; x_wconf 80' lang='lat' dir='ltr'>litandum</span> <span class='ocrx_word' id='word_1_83' title='bbox 720 1450 763 1504; x_wconf 73' lang='lat' dir='ltr'>cst</span> <span class='ocrx_word' id='word_1_84' title='bbox 782 1450 938 1490; x_wconf 87' lang='lat' dir='ltr'>Medic.</span> <span class='ocrx_word' id='word_1_85' title='bbox 963 1451 1096 1494; x_wconf 85' lang='lat' dir='ltr'>Pierii.</span> 
     </span>
     <span class='ocr_line' id='line_1_15' title="bbox 179 1511 1817 1573; baseline 0.006 -23"><span class='ocrx_word' id='word_1_86' title='bbox 179 1511 355 1551; x_wconf 83' lang='lat' dir='ltr'>Dorvill.</span> <span class='ocrx_word' id='word_1_87' title='bbox 374 1525 470 1551; x_wconf 88' lang='lat' dir='ltr'>cum</span> <span class='ocrx_word' id='word_1_88' title='bbox 492 1513 692 1553; x_wconf 88' lang='lat' dir='ltr'>Gothanis</span> <span class='ocrx_word' id='word_1_89' title='bbox 723 1522 762 1552; x_wconf 90' lang='lat' dir='ltr'>et</span> <span class='ocrx_word' id='word_1_90' title='bbox 795 1514 883 1553; x_wconf 81' lang='lat' dir='ltr'>aliis</span> <span class='ocrx_word' id='word_1_91' title='bbox 912 1514 990 1554; x_wconf 87' lang='lat' dir='ltr'>fine</span> <span class='ocrx_word' id='word_1_92' title='bbox 1011 1515 1132 1554; x_wconf 89' lang='lat' dir='ltr'>dubio</span> <span class='ocrx_word' id='word_1_93' title='bbox 1152 1518 1267 1556; x_wconf 66' lang='lat' dir='ltr'>codd⁴</span> <span class='ocrx_word' id='word_1_94' title='bbox 1294 1528 1333 1557; x_wconf 88' lang='lat' dir='ltr'>et</span> <span class='ocrx_word' id='word_1_95' title='bbox 1354 1520 1441 1558; x_wconf 90' lang='lat' dir='ltr'>edd.</span> <span class='ocrx_word' id='word_1_96' title='bbox 1464 1521 1679 1569; x_wconf 87' lang='lat' dir='ltr'>nonnullis,</span> <span class='ocrx_word' id='word_1_97' title='bbox 1708 1519 1817 1573; x_wconf 89' lang='lat' dir='ltr'>quod</span> 
     </span>
    </p>
   </div>
   <div class='ocr_carea' id='block_1_7' title="bbox 131 1574 1815 1636">
    <p class='ocr_par' dir='ltr' id='par_1_7' title="bbox 131 1574 1815 1636">
     <span class='ocr_line' id='line_1_16' title="bbox 131 1574 1815 1636; baseline 0.004 -22"><span class='ocrx_word' id='word_1_98' title='bbox 131 1595 133 1601; x_wconf 26' lang='grc' dir='ltr'><strong><em>Δ</em></strong></span> <span class='ocrx_word' id='word_1_99' title='bbox 177 1574 275 1619; x_wconf 72' lang='lat' dir='ltr'>effer.</span> <span class='ocrx_word' id='word_1_100' title='bbox 300 1574 492 1628; x_wconf 84' lang='lat' dir='ltr'>vulgare:</span> <span class='ocrx_word' id='word_1_101' title='bbox 521 1577 598 1616; x_wconf 87' lang='lat' dir='ltr'>hoc</span> <span class='ocrx_word' id='word_1_102' title='bbox 628 1586 764 1616; x_wconf 87' lang='lat' dir='ltr'>tamen</span> <span class='ocrx_word' id='word_1_103' title='bbox 798 1578 940 1617; x_wconf 86' lang='lat' dir='ltr'>maluit</span> <span class='ocrx_word' id='word_1_104' title='bbox 974 1579 1116 1618; x_wconf 86' lang='lat' dir='ltr'>Heins.</span> <span class='ocrx_word' id='word_1_105' title='bbox 1151 1580 1226 1619; x_wconf 85' lang='lat' dir='ltr'>inf.</span> <span class='ocrx_word' id='word_1_106' title='bbox 1258 1582 1332 1627; x_wconf 90' lang='lat' dir='ltr'>IX,</span> <span class='ocrx_word' id='word_1_107' title='bbox 1358 1593 1433 1631; x_wconf 86' lang='lat'>123</span> <span class='ocrx_word' id='word_1_108' title='bbox 1469 1584 1665 1636; x_wconf 78' lang='lat' dir='ltr'>Obstupuere</span> <span class='ocrx_word' id='word_1_109' title='bbox 1691 1584 1815 1621; x_wconf 72' lang='lat' dir='ltr'>animis</span> 
     </span>
    </p>
   </div>
   <div class='ocr_carea' id='block_1_8' title="bbox 1102 1473 1207 1484">
    <p class='ocr_par' dir='ltr' id='par_1_8' title="bbox 1102 1473 1207 1484">
     <span class='ocr_line' id='line_1_17' title="bbox 1102 1473 1207 1484; baseline 0 0"><span class='ocrx_word' id='word_1_110' title='bbox 1102 1473 1207 1484; x_wconf 95' lang='lat' dir='ltr'> </span> 
     </span>
    </p>
   </div>
   <div class='ocr_carea' id='block_1_9' title="bbox 0 0 50 1761">
    <p class='ocr_par' dir='ltr' id='par_1_9' title="bbox 0 0 50 1761">
     <span class='ocr_line' id='line_1_18' title="bbox 0 0 50 1761; baseline 0 0"><span class='ocrx_word' id='word_1_111' title='bbox 0 0 50 1761; x_wconf 95' lang='lat' dir='ltr'> </span> 
     </span>
    </p>
   </div>
   <div class='ocr_carea' id='block_1_10' title="bbox 176 1640 319 1691">
    <p class='ocr_par' dir='ltr' id='par_1_10' title="bbox 176 1640 319 1691">
     <span class='ocr_line' id='line_1_19' title="bbox 176 1640 319 1691; baseline 0.007 -14"><span class='ocrx_word' id='word_1_112' title='bbox 176 1640 319 1691; x_wconf 69' lang='lat' dir='ltr'>,Rutuli-</span> 
     </span>
    </p>
   </div>
   <div class='ocr_carea' id='block_1_11' title="bbox 377 1641 1192 1695">
    <p class='ocr_par' dir='ltr' id='par_1_11' title="bbox 377 1641 1192 1695">
     <span class='ocr_line' id='line_1_20' title="bbox 377 1641 1192 1695; baseline 0.004 -17"><span class='ocrx_word' id='word_1_113' title='bbox 377 1641 568 1695; x_wconf 47' lang='lat' dir='ltr'>Oqstipuere</span> <span class='ocrx_word' id='word_1_114' title='bbox 595 1641 780 1680; x_wconf 83' lang='lat' dir='ltr'>scribitur</span> <span class='ocrx_word' id='word_1_115' title='bbox 809 1650 848 1680; x_wconf 89' lang='lat' dir='ltr'>et</span> <span class='ocrx_word' id='word_1_116' title='bbox 879 1641 943 1679; x_wconf 89' lang='lat' dir='ltr'>hic</span> <span class='ocrx_word' id='word_1_117' title='bbox 972 1641 1015 1680; x_wconf 90' lang='lat' dir='ltr'>in</span> <span class='ocrx_word' id='word_1_118' title='bbox 1050 1642 1160 1681; x_wconf 90' lang='lat' dir='ltr'>codd.</span> <span class='ocrx_word' id='word_1_119' title='bbox 1190 1652 1192 1654; x_wconf 84' lang='grc'><em>“</em></span> 
     </span>
    </p>
   </div>
   <div class='ocr_carea' id='block_1_12' title="bbox 1166 1662 1272 1674">
    <p class='ocr_par' dir='ltr' id='par_1_12' title="bbox 1166 1662 1272 1674">
     <span class='ocr_line' id='line_1_21' title="bbox 1166 1662 1272 1674; baseline 0 0"><span class='ocrx_word' id='word_1_120' title='bbox 1166 1662 1272 1674; x_wconf 95' lang='lat' dir='ltr'> </span> 
     </span>
    </p>
   </div>
   <div class='ocr_carea' id='block_1_13' title="bbox 1277 1647 1816 1697">
    <p class='ocr_par' dir='ltr' id='par_1_13' title="bbox 1277 1647 1816 1697">
     <span class='ocr_line' id='line_1_22' title="bbox 1277 1647 1816 1697; baseline 0.009 -15"><span class='ocrx_word' id='word_1_121' title='bbox 1277 1654 1366 1684; x_wconf 86' lang='lat'>121.</span> <span class='ocrx_word' id='word_1_122' title='bbox 1389 1654 1526 1697; x_wconf 79' lang='lat' dir='ltr'>parant</span> <span class='ocrx_word' id='word_1_123' title='bbox 1561 1647 1707 1687; x_wconf 88' lang='lat' dir='ltr'>Hamb.</span> <span class='ocrx_word' id='word_1_124' title='bbox 1739 1648 1816 1687; x_wconf 88' lang='lat' dir='ltr'>sec.</span> 
     </span>
    </p>
   </div>
   <div class='ocr_carea' id='block_1_14' title="bbox 168 1703 1815 1821">
    <p class='ocr_par' dir='ltr' id='par_1_14' title="bbox 168 1703 1815 1821">
     <span class='ocr_line' id='line_1_23' title="bbox 168 1703 1815 1764; baseline 0.007 -23"><span class='ocrx_word' id='word_1_125' title='bbox 168 1712 291 1758; x_wconf 79' lang='lat' dir='ltr'>petant</span> <span class='ocrx_word' id='word_1_126' title='bbox 309 1703 409 1744; x_wconf 82' lang='lat' dir='ltr'>alter</span> <span class='ocrx_word' id='word_1_127' title='bbox 430 1705 555 1743; x_wconf 87' lang='lat' dir='ltr'>Goth.</span> <span class='ocrx_word' id='word_1_128' title='bbox 604 1714 711 1757; x_wconf 84' lang='lat' dir='ltr'>paret</span> <span class='ocrx_word' id='word_1_129' title='bbox 729 1705 830 1757; x_wconf 89' lang='lat' dir='ltr'>conj.</span> <span class='ocrx_word' id='word_1_130' title='bbox 901 1704 990 1744; x_wconf 87' lang='lat' dir='ltr'>Viri</span> <span class='ocrx_word' id='word_1_131' title='bbox 1011 1705 1119 1745; x_wconf 72' lang='lat' dir='ltr'>docffi</span> <span class='ocrx_word' id='word_1_132' title='bbox 1147 1706 1254 1744; x_wconf 86' lang='lat' dir='ltr'>misc.</span> <span class='ocrx_word' id='word_1_133' title='bbox 1288 1707 1395 1746; x_wconf 83' lang='lat' dir='ltr'><strong>Obss.</strong></span> <span class='ocrx_word' id='word_1_134' title='bbox 1428 1710 1514 1748; x_wconf 87' lang='lat' dir='ltr'>crit.</span> <span class='ocrx_word' id='word_1_135' title='bbox 1538 1710 1588 1750; x_wconf 89' lang='lat' dir='ltr'>T.</span> <span class='ocrx_word' id='word_1_136' title='bbox 1621 1713 1668 1757; x_wconf 83' lang='grc' dir='ltr'>ΙΙ,</span> <span class='ocrx_word' id='word_1_137' title='bbox 1686 1725 1722 1764; x_wconf 88' lang='lat' dir='ltr'>p.</span> <span class='ocrx_word' id='word_1_138' title='bbox 1749 1712 1815 1761; x_wconf 89' lang='lat'>86,</span> 
     </span>
     <span class='ocr_line' id='line_1_24' title="bbox 174 1767 1794 1821; baseline 0.004 -13"><span class='ocrx_word' id='word_1_139' title='bbox 174 1776 221 1808; x_wconf 87' lang='lat' dir='ltr'>ut</span> <span class='ocrx_word' id='word_1_140' title='bbox 241 1769 369 1820; x_wconf 82' lang='lat' dir='ltr'>Apollo</span> <span class='ocrx_word' id='word_1_141' title='bbox 399 1767 674 1820; x_wconf 83' lang='lat' dir='ltr'>intelligatur3</span> <span class='ocrx_word' id='word_1_142' title='bbox 703 1768 812 1820; x_wconf 89' lang='lat' dir='ltr'>quod</span> <span class='ocrx_word' id='word_1_143' title='bbox 830 1767 938 1807; x_wconf 84' lang='lat' dir='ltr'>haud</span> <span class='ocrx_word' id='word_1_144' title='bbox 958 1768 1076 1807; x_wconf 89' lang='lat' dir='ltr'>dubie</span> <span class='ocrx_word' id='word_1_145' title='bbox 1096 1768 1289 1808; x_wconf 85' lang='lat' dir='ltr'>leniorem</span> <span class='ocrx_word' id='word_1_146' title='bbox 1307 1770 1539 1821; x_wconf 63' lang='lat' dir='ltr'>juncturam</span> <span class='ocrx_word' id='word_1_147' title='bbox 1572 1773 1679 1813; x_wconf 83' lang='lat' dir='ltr'>facit.</span> <span class='ocrx_word' id='word_1_148' title='bbox 1733 1777 1794 1814; x_wconf 91' lang='lat' dir='ltr'>Re</span> 
     </span>
    </p>
   </div>
   <div class='ocr_carea' id='block_1_15' title="bbox 652 1853 759 1863">
    <p class='ocr_par' dir='ltr' id='par_1_15' title="bbox 652 1853 759 1863">
     <span class='ocr_line' id='line_1_25' title="bbox 652 1853 759 1863; baseline 0 0"><span class='ocrx_word' id='word_1_149' title='bbox 652 1853 759 1863; x_wconf 95' lang='lat' dir='ltr'> </span> 
     </span>
    </p>
   </div>
   <div class='ocr_carea' id='block_1_16' title="bbox 174 1833 651 1885">
    <p class='ocr_par' dir='ltr' id='par_1_16' title="bbox 174 1833 651 1885">
     <span class='ocr_line' id='line_1_26' title="bbox 174 1833 651 1885; baseline -0.002 -14"><span class='ocrx_word' id='word_1_150' title='bbox 174 1840 336 1885; x_wconf 83' lang='lat' dir='ltr'>ceptam</span> <span class='ocrx_word' id='word_1_151' title='bbox 355 1840 492 1871; x_wconf 90' lang='lat' dir='ltr'>tuetur</span> <span class='ocrx_word' id='word_1_152' title='bbox 512 1833 651 1871; x_wconf 88' lang='lat' dir='ltr'>Burm.</span> 
     </span>
    </p>
   </div>
   <div class='ocr_carea' id='block_1_17' title="bbox 92 2105 948 2806">
    <p class='ocr_par' dir='ltr' id='par_1_17' title="bbox 92 2105 948 2806">
     <span class='ocr_line' id='line_1_27' title="bbox 92 2105 944 2170; baseline 0.002 -17"><span class='ocrx_word' id='word_1_153' title='bbox 92 2125 99 2129; x_wconf 64' lang='grc'><strong><em>’</em></strong></span> <span class='ocrx_word' id='word_1_154' title='bbox 169 2106 315 2164; x_wconf 72' lang='lat' dir='ltr'>Serv„</span> <span class='ocrx_word' id='word_1_155' title='bbox 365 2105 515 2164; x_wconf 90' lang='lat' dir='ltr'>dubii,</span> <span class='ocrx_word' id='word_1_156' title='bbox 554 2106 668 2170; x_wconf 89' lang='lat' dir='ltr'>quid</span> <span class='ocrx_word' id='word_1_157' title='bbox 726 2106 944 2156; x_wconf 83' lang='lat' dir='ltr'>facerent.</span> 
     </span>
     <span class='ocr_line' id='line_1_28' title="bbox 167 2171 945 2236; baseline -0.001 -16"><span class='ocrx_word' id='word_1_158' title='bbox 167 2171 374 2236; x_wconf 79' lang='lat' dir='ltr'>Eurypyli</span> <span class='ocrx_word' id='word_1_159' title='bbox 408 2174 580 2235; x_wconf 87' lang='lat' dir='ltr'>plures;</span> <span class='ocrx_word' id='word_1_160' title='bbox 616 2188 659 2220; x_wconf 87' lang='lat' dir='ltr'>v.</span> <span class='ocrx_word' id='word_1_161' title='bbox 705 2171 945 2219; x_wconf 84' lang='lat' dir='ltr'>Burmann.</span> 
     </span>
     <span class='ocr_line' id='line_1_29' title="bbox 165 2234 943 2301; baseline -0.003 -17"><span class='ocrx_word' id='word_1_162' title='bbox 165 2236 228 2284; x_wconf 80' lang='lat' dir='ltr'>ad</span> <span class='ocrx_word' id='word_1_163' title='bbox 271 2234 415 2283; x_wconf 91' lang='lat' dir='ltr'>Ovid.</span> <span class='ocrx_word' id='word_1_164' title='bbox 460 2236 578 2283; x_wconf 87' lang='lat' dir='ltr'>Met.</span> <span class='ocrx_word' id='word_1_165' title='bbox 623 2234 767 2291; x_wconf 89' lang='lat' dir='ltr'>XIII,</span> <span class='ocrx_word' id='word_1_166' title='bbox 823 2251 943 2301; x_wconf 76' lang='lat'><strong>357:</strong></span> 
     </span>
     <span class='ocr_line' id='line_1_30' title="bbox 161 2298 948 2364; baseline -0.003 -15"><span class='ocrx_word' id='word_1_167' title='bbox 161 2298 479 2351; x_wconf 74' lang='lat' dir='ltr'>celeberrimus</span> <span class='ocrx_word' id='word_1_168' title='bbox 523 2299 722 2363; x_wconf 84' lang='lat' dir='ltr'>Telephi</span> <span class='ocrx_word' id='word_1_169' title='bbox 765 2298 821 2356; x_wconf 87' lang='lat' dir='ltr'>f.,</span> <span class='ocrx_word' id='word_1_170' title='bbox 867 2301 948 2364; x_wconf 90' lang='lat' dir='ltr'>qui</span> 
     </span>
     <span class='ocr_line' id='line_1_31' title="bbox 163 2363 948 2429; baseline 0.004 -19"><span class='ocrx_word' id='word_1_171' title='bbox 163 2363 382 2428; x_wconf 83' lang='lat' dir='ltr'>Trojanis</span> <span class='ocrx_word' id='word_1_172' title='bbox 419 2364 595 2412; x_wconf 86' lang='lat' dir='ltr'>auxilio</span> <span class='ocrx_word' id='word_1_173' title='bbox 632 2363 754 2411; x_wconf 88' lang='lat' dir='ltr'>venit</span> <span class='ocrx_word' id='word_1_174' title='bbox 775 2378 819 2411; x_wconf 90' lang='lat' dir='ltr'>et</span> <span class='ocrx_word' id='word_1_175' title='bbox 836 2370 948 2429; x_wconf 83' lang='lat' dir='ltr'>po&#39;e&#39;-</span> 
     </span>
     <span class='ocr_line' id='line_1_32' title="bbox 158 2427 945 2493; baseline 0 -17"><span class='ocrx_word' id='word_1_176' title='bbox 158 2427 221 2481; x_wconf 70' lang='lat' dir='ltr'>tis</span> <span class='ocrx_word' id='word_1_177' title='bbox 241 2427 427 2492; x_wconf 86' lang='lat' dir='ltr'>cyclicis</span> <span class='ocrx_word' id='word_1_178' title='bbox 446 2443 581 2493; x_wconf 86' lang='lat' dir='ltr'>atque</span> <span class='ocrx_word' id='word_1_179' title='bbox 601 2428 738 2475; x_wconf 82' lang='lat' dir='ltr'>etiarn</span> <span class='ocrx_word' id='word_1_180' title='bbox 760 2429 945 2493; x_wconf 87' lang='lat' dir='ltr'>tragicis</span> 
     </span>
     <span class='ocr_line' id='line_1_33' title="bbox 104 2492 942 2557; baseline -0.001 -16"><span class='ocrx_word' id='word_1_181' title='bbox 104 2495 106 2497; x_wconf 63' lang='grc'><strong><em>’</em></strong></span> <span class='ocrx_word' id='word_1_182' title='bbox 136 2533 138 2536; x_wconf 29' lang='lat' dir='ltr'><strong>f</strong></span> <span class='ocrx_word' id='word_1_183' title='bbox 163 2505 479 2557; x_wconf 84' lang='lat' dir='ltr'>argumentum</span> <span class='ocrx_word' id='word_1_184' title='bbox 513 2493 666 2540; x_wconf 88' lang='lat' dir='ltr'>nobile</span> <span class='ocrx_word' id='word_1_185' title='bbox 687 2492 942 2557; x_wconf 83' lang='lat' dir='ltr'>suppedita-</span> 
     </span>
     <span class='ocr_line' id='line_1_34' title="bbox 157 2557 940 2622; baseline 0 -17"><span class='ocrx_word' id='word_1_186' title='bbox 157 2557 294 2607; x_wconf 60' lang='lat' dir='ltr'>verit.</span> <span class='ocrx_word' id='word_1_187' title='bbox 360 2557 434 2606; x_wconf 84' lang='lat' dir='ltr'>De</span> <span class='ocrx_word' id='word_1_188' title='bbox 486 2574 578 2621; x_wconf 90' lang='lat' dir='ltr'>quo</span> <span class='ocrx_word' id='word_1_189' title='bbox 631 2557 720 2604; x_wconf 83' lang='lat' dir='ltr'>late</span> <span class='ocrx_word' id='word_1_190' title='bbox 776 2557 940 2622; x_wconf 82' lang='lat' dir='ltr'>Qint.</span> 
     </span>
     <span class='ocr_line' id='line_1_35' title="bbox 160 2619 941 2686; baseline 0.003 -17"><span class='ocrx_word' id='word_1_191' title='bbox 160 2621 269 2670; x_wconf 81' lang='lat' dir='ltr'>Cal.</span> <span class='ocrx_word' id='word_1_192' title='bbox 311 2619 403 2678; x_wconf 77' lang='lat' dir='ltr'>Vt,</span> <span class='ocrx_word' id='word_1_193' title='bbox 441 2638 529 2685; x_wconf 91' lang='lat'>119</span> <span class='ocrx_word' id='word_1_194' title='bbox 565 2621 661 2686; x_wconf 90' lang='lat' dir='ltr'><strong>sqq.</strong></span> <span class='ocrx_word' id='word_1_195' title='bbox 730 2623 797 2667; x_wconf 90' lang='lat' dir='ltr'>At</span> <span class='ocrx_word' id='word_1_196' title='bbox 819 2624 866 2671; x_wconf 88' lang='lat' dir='ltr'>h.</span> <span class='ocrx_word' id='word_1_197' title='bbox 906 2622 941 2671; x_wconf 88' lang='lat' dir='ltr'>l.</span> 
     </span>
     <span class='ocr_line' id='line_1_36' title="bbox 138 2684 941 2749; baseline 0.001 -17"><span class='ocrx_word' id='word_1_198' title='bbox 138 2684 485 2748; x_wconf 6' lang='lat' dir='ltr'>&#39;intelligendus</span> <span class='ocrx_word' id='word_1_199' title='bbox 509 2685 564 2742; x_wconf 89' lang='lat' dir='ltr'>is,</span> <span class='ocrx_word' id='word_1_200' title='bbox 607 2685 687 2749; x_wconf 92' lang='lat' dir='ltr'>qui</span> <span class='ocrx_word' id='word_1_201' title='bbox 710 2685 802 2734; x_wconf 88' lang='lat' dir='ltr'>fere</span> <span class='ocrx_word' id='word_1_202' title='bbox 820 2687 941 2749; x_wconf 88' lang='lat' dir='ltr'>apud</span> 
     </span>
     <span class='ocr_line' id='line_1_37' title="bbox 156 2749 940 2806; baseline -0.003 -8"><span class='ocrx_word' id='word_1_203' title='bbox 156 2749 413 2805; x_wconf 80' lang='lat' dir='ltr'>Homerum</span> <span class='ocrx_word' id='word_1_204' title='bbox 434 2750 653 2806; x_wconf 89' lang='lat' dir='ltr'>occurrit,</span> <span class='ocrx_word' id='word_1_205' title='bbox 685 2750 940 2798; x_wconf 87' lang='lat' dir='ltr'>Euaemonis</span> 
     </span>
    </p>
   </div>
   <div class='ocr_carea' id='block_1_18' title="bbox 64 2813 943 2871">
    <p class='ocr_par' dir='ltr' id='par_1_18' title="bbox 64 2813 943 2871">
     <span class='ocr_line' id='line_1_38' title="bbox 64 2813 943 2871; baseline 0 -10"><span class='ocrx_word' id='word_1_206' title='bbox 64 2859 66 2861; x_wconf 74' lang='grc'><strong>,</strong></span> <span class='ocrx_word' id='word_1_207' title='bbox 154 2813 297 2871; x_wconf 77' lang='lat' dir='ltr'>filius,</span> <span class='ocrx_word' id='word_1_208' title='bbox 340 2830 399 2862; x_wconf 80' lang='lat' dir='ltr'>ex</span> <span class='ocrx_word' id='word_1_209' title='bbox 440 2814 662 2863; x_wconf 88' lang='lat' dir='ltr'>Ormenio</span> <span class='ocrx_word' id='word_1_210' title='bbox 708 2813 943 2862; x_wconf 83' lang='lat' dir='ltr'>Theffaliae</span> 
     </span>
    </p>
   </div>
   <div class='ocr_carea' id='block_1_19' title="bbox 66 2878 941 3523">
    <p class='ocr_par' dir='ltr' id='par_1_19' title="bbox 66 2878 941 3523">
     <span class='ocr_line' id='line_1_39' title="bbox 153 2878 941 2950; baseline -0.004 -21"><span class='ocrx_word' id='word_1_211' title='bbox 153 2878 306 2943; x_wconf 73' lang='lat' dir='ltr'>copias</span> <span class='ocrx_word' id='word_1_212' title='bbox 323 2878 506 2930; x_wconf 87' lang='lat' dir='ltr'>ducens.</span> <span class='ocrx_word' id='word_1_213' title='bbox 531 2896 574 2926; x_wconf 89' lang='lat' dir='ltr'>v.</span> <span class='ocrx_word' id='word_1_214' title='bbox 598 2878 733 2927; x_wconf 86' lang='lat' dir='ltr'>Iliad.</span> <span class='ocrx_word' id='word_1_215' title='bbox 753 2882 803 2934; x_wconf 80' lang='grc' dir='ltr'>β,</span> <span class='ocrx_word' id='word_1_216' title='bbox 845 2894 870 2950; x_wconf 82' lang='lat'>7</span> <span class='ocrx_word' id='word_1_217' title='bbox 878 2895 941 2942; x_wconf 87' lang='lat'>34</span> 
     </span>
     <span class='ocr_line' id='line_1_40' title="bbox 151 2941 940 3008; baseline -0.003 -18"><span class='ocrx_word' id='word_1_218' title='bbox 151 2942 255 3007; x_wconf 75' lang='lat' dir='ltr'><strong>sqq.</strong></span> <span class='ocrx_word' id='word_1_219' title='bbox 289 2945 486 3008; x_wconf 65' lang='lat' dir='ltr'>virgine:</span> <span class='ocrx_word' id='word_1_220' title='bbox 525 2942 724 3007; x_wconf 84' lang='lat' dir='ltr'>expetita</span> <span class='ocrx_word' id='word_1_221' title='bbox 755 2941 940 2993; x_wconf 64' lang='lat' dir='ltr'>vistlma</span> 
     </span>
     <span class='ocr_line' id='line_1_41' title="bbox 150 3006 938 3071; baseline 0.003 -17"><span class='ocrx_word' id='word_1_222' title='bbox 150 3007 411 3071; x_wconf 85' lang='lat' dir='ltr'>Iphigenia,</span> <span class='ocrx_word' id='word_1_223' title='bbox 480 3006 717 3055; x_wconf 88' lang='lat' dir='ltr'>substituta</span> <span class='ocrx_word' id='word_1_224' title='bbox 788 3018 938 3056; x_wconf 85' lang='lat' dir='ltr'>tamen</span> 
     </span>
     <span class='ocr_line' id='line_1_42' title="bbox 148 3070 934 3128; baseline 0 -7"><span class='ocrx_word' id='word_1_225' title='bbox 148 3087 266 3121; x_wconf 80' lang='lat' dir='ltr'>mox</span> <span class='ocrx_word' id='word_1_226' title='bbox 306 3086 450 3121; x_wconf 77' lang='lat' dir='ltr'>cerva.</span> <span class='ocrx_word' id='word_1_227' title='bbox 532 3071 640 3128; x_wconf 82' lang='lat' dir='ltr'>Sed,</span> <span class='ocrx_word' id='word_1_228' title='bbox 693 3087 798 3120; x_wconf 88' lang='lat' dir='ltr'>cum</span> <span class='ocrx_word' id='word_1_229' title='bbox 839 3070 934 3121; x_wconf 89' lang='lat' dir='ltr'>haec</span> 
     </span>
     <span class='ocr_line' id='line_1_43' title="bbox 152 3134 933 3199; baseline -0.005 -14"><span class='ocrx_word' id='word_1_230' title='bbox 152 3134 310 3185; x_wconf 83' lang='lat' dir='ltr'>fabula</span> <span class='ocrx_word' id='word_1_231' title='bbox 337 3134 434 3199; x_wconf 87' lang='lat' dir='ltr'>post</span> <span class='ocrx_word' id='word_1_232' title='bbox 463 3134 721 3186; x_wconf 86' lang='lat' dir='ltr'>Homerum</span> <span class='ocrx_word' id='word_1_233' title='bbox 748 3136 933 3182; x_wconf 89' lang='lat' dir='ltr'>demum</span> 
     </span>
     <span class='ocr_line' id='line_1_44' title="bbox 150 3198 933 3250; baseline -0.004 -2"><span class='ocrx_word' id='word_1_234' title='bbox 150 3198 326 3249; x_wconf 86' lang='lat' dir='ltr'>adscita</span> <span class='ocrx_word' id='word_1_235' title='bbox 364 3209 415 3246; x_wconf 73' lang='lat' dir='ltr'>et.</span> <span class='ocrx_word' id='word_1_236' title='bbox 443 3199 567 3247; x_wconf 85' lang='lat' dir='ltr'>varie</span> <span class='ocrx_word' id='word_1_237' title='bbox 601 3199 714 3250; x_wconf 89' lang='lat' dir='ltr'>olim</span> <span class='ocrx_word' id='word_1_238' title='bbox 746 3199 933 3246; x_wconf 63' lang='lat' dir='ltr'>tractata</span> 
     </span>
     <span class='ocr_line' id='line_1_45' title="bbox 143 3260 931 3319; baseline -0.003 -8"><span class='ocrx_word' id='word_1_239' title='bbox 143 3263 310 3318; x_wconf 63' lang='lat' dir='ltr'>fixerit,</span> <span class='ocrx_word' id='word_1_240' title='bbox 352 3261 563 3311; x_wconf 81' lang='lat' dir='ltr'>videntur</span> <span class='ocrx_word' id='word_1_241' title='bbox 602 3260 742 3314; x_wconf 79' lang='lat' dir='ltr'>etiarn</span> <span class='ocrx_word' id='word_1_242' title='bbox 782 3263 931 3319; x_wconf 72' lang='lat' dir='ltr'>fuiffe,</span> 
     </span>
     <span class='ocr_line' id='line_1_46' title="bbox 66 3326 933 3392; baseline 0 -17"><span class='ocrx_word' id='word_1_243' title='bbox 66 3357 70 3360; x_wconf 78' lang='lat'><em>-</em></span> <span class='ocrx_word' id='word_1_244' title='bbox 140 3326 231 3392; x_wconf 64' lang='lat' dir='ltr'>qui</span> <span class='ocrx_word' id='word_1_245' title='bbox 266 3327 623 3392; x_wconf 81' lang='lat' dir='ltr'>Agamemnonis</span> <span class='ocrx_word' id='word_1_246' title='bbox 653 3328 793 3376; x_wconf 86' lang='lat' dir='ltr'>filiam</span> <span class='ocrx_word' id='word_1_247' title='bbox 828 3343 933 3376; x_wconf 85' lang='lat' dir='ltr'>vere</span> 
     </span>
     <span class='ocr_line' id='line_1_47' title="bbox 141 3390 931 3460; baseline -0.001 -17"><span class='ocrx_word' id='word_1_248' title='bbox 141 3390 429 3443; x_wconf 69' lang='lat' dir='ltr'>immolatam</span> <span class='ocrx_word' id='word_1_249' title='bbox 480 3391 722 3441; x_wconf 85' lang='lat' dir='ltr'>traderent.</span> <span class='ocrx_word' id='word_1_250' title='bbox 789 3391 931 3460; x_wconf 85' lang='lat' dir='ltr'>Qod</span> 
     </span>
     <span class='ocr_line' id='line_1_48' title="bbox 148 3453 927 3523; baseline -0.003 -16"><span class='ocrx_word' id='word_1_251' title='bbox 148 3467 196 3507; x_wconf 79' lang='lat' dir='ltr'>et</span> <span class='ocrx_word' id='word_1_252' title='bbox 210 3455 401 3507; x_wconf 86' lang='lat' dir='ltr'>Lueret.</span> <span class='ocrx_word' id='word_1_253' title='bbox 424 3453 471 3515; x_wconf 83' lang='lat'>1,</span> <span class='ocrx_word' id='word_1_254' title='bbox 505 3458 562 3523; x_wconf 85' lang='lat'>85</span> <span class='ocrx_word' id='word_1_255' title='bbox 586 3453 811 3521; x_wconf 79' lang='lat' dir='ltr'>sequitur:</span> <span class='ocrx_word' id='word_1_256' title='bbox 835 3456 927 3506; x_wconf 85' lang='lat' dir='ltr'>Au-</span> 
     </span>
    </p>
   </div>
   <div class='ocr_carea' id='block_1_20' title="bbox 15 1833 1812 2021">
    <p class='ocr_par' dir='ltr' id='par_1_20' title="bbox 15 1833 1812 2021">
     <span class='ocr_line' id='line_1_49' title="bbox 766 1833 1812 1890; baseline 0.008 -19"><span class='ocrx_word' id='word_1_257' title='bbox 766 1843 860 1873; x_wconf 80' lang='lat'><em>122.</em></span> <span class='ocrx_word' id='word_1_258' title='bbox 894 1833 993 1871; x_wconf 88' lang='lat' dir='ltr'>Hinc</span> <span class='ocrx_word' id='word_1_259' title='bbox 1016 1833 1145 1886; x_wconf 88' lang='lat' dir='ltr'>Sprot.</span> <span class='ocrx_word' id='word_1_260' title='bbox 1203 1849 1324 1886; x_wconf 80' lang='lat' dir='ltr'>magno</span> <span class='ocrx_word' id='word_1_261' title='bbox 1343 1844 1457 1873; x_wconf 81' lang='lat' dir='ltr'>vatem</span> <span class='ocrx_word' id='word_1_262' title='bbox 1477 1846 1557 1875; x_wconf 86' lang='lat' dir='ltr'>tres</span> <span class='ocrx_word' id='word_1_263' title='bbox 1589 1851 1651 1890; x_wconf 87' lang='lat' dir='ltr'>ap.</span> <span class='ocrx_word' id='word_1_264' title='bbox 1673 1839 1812 1880; x_wconf 87' lang='lat' dir='ltr'>Burm.</span> 
     </span>
     <span class='ocr_line' id='line_1_50' title="bbox 15 1898 1702 1948; baseline 0.002 -9"><span class='ocrx_word' id='word_1_265' title='bbox 15 1946 17 1948; x_wconf 34' lang='grc'>,</span> <span class='ocrx_word' id='word_1_266' title='bbox 143 1928 146 1929; x_wconf 30' lang='lat'><em>⁷</em></span> <span class='ocrx_word' id='word_1_267' title='bbox 172 1909 215 1940; x_wconf 90' lang='lat' dir='ltr'>et</span> <span class='ocrx_word' id='word_1_268' title='bbox 247 1907 341 1939; x_wconf 79' lang='lat' dir='ltr'>tert.</span> <span class='ocrx_word' id='word_1_269' title='bbox 371 1898 497 1938; x_wconf 80' lang='lat' dir='ltr'>Goth.</span> <span class='ocrx_word' id='word_1_270' title='bbox 555 1901 722 1939; x_wconf 83' lang='lat' dir='ltr'>Calcanta</span> <span class='ocrx_word' id='word_1_271' title='bbox 741 1900 845 1940; x_wconf 89' lang='lat' dir='ltr'>male</span> <span class='ocrx_word' id='word_1_272' title='bbox 864 1899 1038 1939; x_wconf 87' lang='lat' dir='ltr'>scribunt</span> <span class='ocrx_word' id='word_1_273' title='bbox 1064 1900 1229 1943; x_wconf 83' lang='lat' dir='ltr'>librarii.</span> <span class='ocrx_word' id='word_1_274' title='bbox 1290 1902 1472 1941; x_wconf 80' lang='lat' dir='ltr'>Calchante</span> <span class='ocrx_word' id='word_1_275' title='bbox 1500 1903 1702 1943; x_wconf 88' lang='lat' dir='ltr'>Montalb.</span> 
     </span>
     <span class='ocr_line' id='line_1_51' title="bbox 93 1958 1119 2021; baseline 0.001 -17"><span class='ocrx_word' id='word_1_276' title='bbox 93 1958 103 1962; x_wconf 18' lang='lat' dir='ltr'>i</span> <span class='ocrx_word' id='word_1_277' title='bbox 131 2018 134 2021; x_wconf 18' lang='grc' dir='ltr'><strong>Δ</strong></span> <span class='ocrx_word' id='word_1_278' title='bbox 171 1974 264 2014; x_wconf 83' lang='lat'>123.</span> <span class='ocrx_word' id='word_1_279' title='bbox 293 1979 334 2003; x_wconf 82' lang='lat' dir='ltr'>ea</span> <span class='ocrx_word' id='word_1_280' title='bbox 357 1979 499 2003; x_wconf 78' lang='lat' dir='ltr'>munera</span> <span class='ocrx_word' id='word_1_281' title='bbox 525 1976 586 2018; x_wconf 86' lang='lat' dir='ltr'>pr.</span> <span class='ocrx_word' id='word_1_282' title='bbox 607 1963 760 2003; x_wconf 85' lang='lat' dir='ltr'>Hamb.</span> <span class='ocrx_word' id='word_1_283' title='bbox 780 1973 976 2018; x_wconf 87' lang='lat' dir='ltr'>perpetuo</span> <span class='ocrx_word' id='word_1_284' title='bbox 995 1963 1119 2018; x_wconf 80' lang='lat' dir='ltr'>lapsu..</span> 
     </span>
    </p>
   </div>
   <div class='ocr_carea' id='block_1_21' title="bbox 1707 1926 1813 1935">
    <p class='ocr_par' dir='ltr' id='par_1_21' title="bbox 1707 1926 1813 1935">
     <span class='ocr_line' id='line_1_52' title="bbox 1707 1926 1813 1935; baseline 0 2095"><span class='ocrx_word' id='word_1_285' title='bbox 1707 1926 1813 1935; x_wconf 95' lang='lat' dir='ltr'> </span> 
     </span>
    </p>
   </div>
   <div class='ocr_carea' id='block_1_22' title="bbox 1009 2105 1839 3511">
    <p class='ocr_par' dir='ltr' id='par_1_22' title="bbox 1018 2105 1839 2540">
     <span class='ocr_line' id='line_1_53' title="bbox 1025 2105 1809 2176; baseline 0.008 -24"><span class='ocrx_word' id='word_1_286' title='bbox 1025 2106 1108 2153; x_wconf 83' lang='lat' dir='ltr'>lide</span> <span class='ocrx_word' id='word_1_287' title='bbox 1147 2126 1222 2170; x_wconf 74' lang='lat' dir='ltr'>quo</span> <span class='ocrx_word' id='word_1_288' title='bbox 1253 2116 1378 2170; x_wconf 54' lang='lat' dir='ltr'>pado</span> <span class='ocrx_word' id='word_1_289' title='bbox 1416 2105 1596 2156; x_wconf 73' lang='lat' dir='ltr'>Tri-viai</span> <span class='ocrx_word' id='word_1_290' title='bbox 1626 2117 1809 2176; x_wconf 79' lang='lat' dir='ltr'>virginis</span> 
     </span>
     <span class='ocr_line' id='line_1_54' title="bbox 1025 2172 1807 2237; baseline 0.005 -19"><span class='ocrx_word' id='word_1_291' title='bbox 1025 2190 1149 2218; x_wconf 78' lang='lat' dir='ltr'>aram</span> <span class='ocrx_word' id='word_1_292' title='bbox 1179 2172 1444 2237; x_wconf 71' lang='lat' dir='ltr'>Iphianqffai</span> <span class='ocrx_word' id='word_1_293' title='bbox 1476 2186 1698 2235; x_wconf 76' lang='lat' dir='ltr'>turparunt</span> <span class='ocrx_word' id='word_1_294' title='bbox 1698 2179 1807 2235; x_wconf 77' lang='lat' dir='ltr'>filn-</span> 
     </span>
     <span class='ocr_line' id='line_1_55' title="bbox 1018 2239 1807 2301; baseline 0.006 -21"><span class='ocrx_word' id='word_1_295' title='bbox 1018 2244 1148 2299; x_wconf 82' lang='lat' dir='ltr'>guine</span> <span class='ocrx_word' id='word_1_296' title='bbox 1165 2239 1295 2300; x_wconf 82' lang='lat' dir='ltr'>foede</span> <span class='ocrx_word' id='word_1_297' title='bbox 1328 2251 1415 2284; x_wconf 84' lang='lat' dir='ltr'>etc.</span> <span class='ocrx_word' id='word_1_298' title='bbox 1483 2254 1585 2283; x_wconf 87' lang='lat' dir='ltr'>cum</span> <span class='ocrx_word' id='word_1_299' title='bbox 1623 2243 1807 2301; x_wconf 36' lang='lat' dir='ltr'>ven-istis,</span> 
     </span>
     <span class='ocr_line' id='line_1_56' title="bbox 1027 2298 1806 2367; baseline 0.008 -21"><span class='ocrx_word' id='word_1_300' title='bbox 1027 2298 1180 2346; x_wconf 87' lang='lat' dir='ltr'>venire</span> <span class='ocrx_word' id='word_1_301' title='bbox 1246 2301 1478 2348; x_wconf 84' lang='lat' dir='ltr'>volebatis.</span> <span class='ocrx_word' id='word_1_302' title='bbox 1585 2310 1806 2367; x_wconf 79' lang='lat' dir='ltr'>animaque</span> 
     </span>
     <span class='ocr_line' id='line_1_57' title="bbox 1026 2362 1804 2429; baseline 0.004 -19"><span class='ocrx_word' id='word_1_303' title='bbox 1026 2362 1231 2411; x_wconf 79' lang='lat' dir='ltr'>litandum</span> <span class='ocrx_word' id='word_1_304' title='bbox 1271 2365 1485 2429; x_wconf 79' lang='lat' dir='ltr'>Argolica,</span> <span class='ocrx_word' id='word_1_305' title='bbox 1527 2365 1659 2411; x_wconf 82' lang='lat' dir='ltr'>verba</span> <span class='ocrx_word' id='word_1_306' title='bbox 1699 2383 1804 2416; x_wconf 89' lang='lat' dir='ltr'>cum</span> 
     </span>
     <span class='ocr_line' id='line_1_58' title="bbox 1027 2427 1839 2493; baseline 0.005 -20"><span class='ocrx_word' id='word_1_307' title='bbox 1027 2427 1215 2482; x_wconf 66' lang='lat' dir='ltr'>dilectu,</span> <span class='ocrx_word' id='word_1_308' title='bbox 1269 2445 1326 2476; x_wconf 84' lang='lat' dir='ltr'>ex</span> <span class='ocrx_word' id='word_1_309' title='bbox 1392 2428 1659 2493; x_wconf 85' lang='lat' dir='ltr'>religionum</span> <span class='ocrx_word' id='word_1_310' title='bbox 1711 2430 1839 2478; x_wconf 80' lang='lat' dir='ltr'>for-‘</span> 
     </span>
     <span class='ocr_line' id='line_1_59' title="bbox 1025 2491 1162 2540; baseline 0.022 -3"><span class='ocrx_word' id='word_1_311' title='bbox 1025 2491 1162 2540; x_wconf 85' lang='lat' dir='ltr'>mula.</span> 
     </span>
    </p>

    <p class='ocr_par' dir='ltr' id='par_1_23' title="bbox 1011 2557 1800 3243">
     <span class='ocr_line' id='line_1_60' title="bbox 1093 2557 1800 2620; baseline 0.006 -17"><span class='ocrx_word' id='word_1_312' title='bbox 1093 2571 1197 2603; x_wconf 87' lang='lat'>121.</span> <span class='ocrx_word' id='word_1_313' title='bbox 1235 2557 1446 2620; x_wconf 74' lang='lat' dir='ltr'>Cut‘fata</span> <span class='ocrx_word' id='word_1_314' title='bbox 1471 2569 1640 2618; x_wconf 77' lang='lat' dir='ltr'>parent,</span> <span class='ocrx_word' id='word_1_315' title='bbox 1677 2558 1721 2604; x_wconf 85' lang='lat' dir='ltr'>h.</span> <span class='ocrx_word' id='word_1_316' title='bbox 1758 2574 1800 2608; x_wconf 83' lang='lat' dir='ltr'>e.</span> 
     </span>
     <span class='ocr_line' id='line_1_61' title="bbox 1022 2620 1797 2677; baseline 0.006 -11"><span class='ocrx_word' id='word_1_317' title='bbox 1022 2620 1337 2675; x_wconf 87' lang='lat' dir='ltr'>metuentium,</span> <span class='ocrx_word' id='word_1_318' title='bbox 1370 2621 1445 2667; x_wconf 92' lang='lat' dir='ltr'>cui</span> <span class='ocrx_word' id='word_1_319' title='bbox 1478 2621 1564 2667; x_wconf 92' lang='lat' dir='ltr'>hoc</span> <span class='ocrx_word' id='word_1_320' title='bbox 1587 2621 1709 2677; x_wconf 87' lang='lat' dir='ltr'>fatis,</span> <span class='ocrx_word' id='word_1_321' title='bbox 1749 2623 1797 2672; x_wconf 92' lang='lat' dir='ltr'>h.</span> 
     </span>
     <span class='ocr_line' id='line_1_62' title="bbox 1020 2684 1798 2742; baseline 0.003 -12"><span class='ocrx_word' id='word_1_322' title='bbox 1020 2700 1061 2731; x_wconf 88' lang='lat' dir='ltr'>e.</span> <span class='ocrx_word' id='word_1_323' title='bbox 1098 2684 1302 2740; x_wconf 89' lang='lat' dir='ltr'>oracu10‚</span> <span class='ocrx_word' id='word_1_324' title='bbox 1335 2684 1602 2731; x_wconf 86' lang='lat' dir='ltr'>destinatum</span> <span class='ocrx_word' id='word_1_325' title='bbox 1643 2686 1713 2742; x_wconf 82' lang='lat' dir='ltr'>fit,</span> <span class='ocrx_word' id='word_1_326' title='bbox 1747 2698 1798 2733; x_wconf 91' lang='lat' dir='ltr'>ut</span> 
     </span>
     <span class='ocr_line' id='line_1_63' title="bbox 1023 2746 1798 2810; baseline 0.003 -16"><span class='ocrx_word' id='word_1_327' title='bbox 1023 2748 1239 2795; x_wconf 63' lang='lat' dir='ltr'>mafietur</span> <span class='ocrx_word' id='word_1_328' title='bbox 1290 2763 1372 2810; x_wconf 88' lang='lat' dir='ltr'>pro</span> <span class='ocrx_word' id='word_1_329' title='bbox 1427 2746 1625 2796; x_wconf 65' lang='lat' dir='ltr'>victima.</span> <span class='ocrx_word' id='word_1_330' title='bbox 1729 2749 1798 2796; x_wconf 85' lang='lat' dir='ltr'>Ut</span> 
     </span>
     <span class='ocr_line' id='line_1_64' title="bbox 1011 2811 1793 2876; baseline -0.001 -16"><span class='ocrx_word' id='word_1_331' title='bbox 1011 2825 1170 2874; x_wconf 82' lang='lat' dir='ltr'>parent</span> <span class='ocrx_word' id='word_1_332' title='bbox 1213 2811 1273 2858; x_wconf 91' lang='lat' dir='ltr'>sc.</span> <span class='ocrx_word' id='word_1_333' title='bbox 1319 2821 1525 2865; x_wconf 88' lang='lat' dir='ltr'>mortem,</span> <span class='ocrx_word' id='word_1_334' title='bbox 1578 2813 1793 2876; x_wconf 77' lang='lat' dir='ltr'>suppleas,</span> 
     </span>
     <span class='ocr_line' id='line_1_65' title="bbox 1019 2875 1795 2937; baseline 0.003 -15"><span class='ocrx_word' id='word_1_335' title='bbox 1019 2875 1117 2922; x_wconf 87' lang='lat' dir='ltr'>fieri</span> <span class='ocrx_word' id='word_1_336' title='bbox 1160 2891 1251 2922; x_wconf 87' lang='lat' dir='ltr'>non</span> <span class='ocrx_word' id='word_1_337' title='bbox 1292 2875 1455 2937; x_wconf 85' lang='lat' dir='ltr'>potest3</span> <span class='ocrx_word' id='word_1_338' title='bbox 1490 2890 1594 2922; x_wconf 89' lang='lat' dir='ltr'>nam</span> <span class='ocrx_word' id='word_1_339' title='bbox 1632 2892 1795 2924; x_wconf 81' lang='lat' dir='ltr'>mortem</span> 
     </span>
     <span class='ocr_line' id='line_1_66' title="bbox 1017 2938 1793 3002; baseline 0.003 -16"><span class='ocrx_word' id='word_1_340' title='bbox 1017 2939 1172 3002; x_wconf 76' lang='lat' dir='ltr'>omitti</span> <span class='ocrx_word' id='word_1_341' title='bbox 1204 2954 1295 2985; x_wconf 91' lang='lat' dir='ltr'>non</span> <span class='ocrx_word' id='word_1_342' title='bbox 1315 2938 1538 3001; x_wconf 82' lang='lat' dir='ltr'>potuiffet.</span> <span class='ocrx_word' id='word_1_343' title='bbox 1602 2938 1793 2987; x_wconf 66' lang='lat' dir='ltr'>Dictum</span> 
     </span>
     <span class='ocr_line' id='line_1_67' title="bbox 1016 3003 1793 3069; baseline 0 -18"><span class='ocrx_word' id='word_1_344' title='bbox 1016 3003 1111 3051; x_wconf 82' lang='lat' dir='ltr'>uti:</span> <span class='ocrx_word' id='word_1_345' title='bbox 1156 3005 1260 3069; x_wconf 84' lang='lat' dir='ltr'>quid</span> <span class='ocrx_word' id='word_1_346' title='bbox 1278 3008 1391 3063; x_wconf 88' lang='lat' dir='ltr'>fata</span> <span class='ocrx_word' id='word_1_347' title='bbox 1424 3015 1594 3063; x_wconf 79' lang='lat' dir='ltr'>parent,</span> <span class='ocrx_word' id='word_1_348' title='bbox 1637 3017 1700 3059; x_wconf 88' lang='lat' dir='ltr'>et,</span> <span class='ocrx_word' id='word_1_349' title='bbox 1746 3010 1793 3052; x_wconf 82' lang='lat' dir='ltr'>in</span> 
     </span>
     <span class='ocr_line' id='line_1_68' title="bbox 1013 3066 1792 3132; baseline 0.001 -18"><span class='ocrx_word' id='word_1_350' title='bbox 1013 3087 1143 3132; x_wconf 83' lang='lat' dir='ltr'>quem.</span> <span class='ocrx_word' id='word_1_351' title='bbox 1209 3066 1326 3114; x_wconf 89' lang='lat' dir='ltr'>Mox</span> <span class='ocrx_word' id='word_1_352' title='bbox 1366 3070 1522 3127; x_wconf 83' lang='lat' dir='ltr'>poscere</span> <span class='ocrx_word' id='word_1_353' title='bbox 1562 3067 1792 3130; x_wconf 87' lang='lat' dir='ltr'>proprium</span> 
     </span>
     <span class='ocr_line' id='line_1_69' title="bbox 1013 3128 1790 3195; baseline 0 -16"><span class='ocrx_word' id='word_1_354' title='bbox 1013 3133 1071 3179; x_wconf 91' lang='lat' dir='ltr'>de</span> <span class='ocrx_word' id='word_1_355' title='bbox 1107 3129 1233 3187; x_wconf 86' lang='lat' dir='ltr'>fatis,</span> <span class='ocrx_word' id='word_1_356' title='bbox 1274 3128 1483 3183; x_wconf 88' lang='lat' dir='ltr'>oraculis,</span> <span class='ocrx_word' id='word_1_357' title='bbox 1517 3128 1790 3195; x_wconf 77' lang='lat' dir='ltr'>deorumque</span> 
     </span>
     <span class='ocr_line' id='line_1_70' title="bbox 1011 3195 1788 3243; baseline -0.003 0"><span class='ocrx_word' id='word_1_358' title='bbox 1011 3195 1257 3243; x_wconf 90' lang='lat' dir='ltr'>voluntate.</span> <span class='ocrx_word' id='word_1_359' title='bbox 1783 3208 1788 3213; x_wconf 88' lang='lat'>&#39;</span> 
     </span>
    </p>

    <p class='ocr_par' dir='ltr' id='par_1_24' title="bbox 1009 3257 1794 3511">
     <span class='ocr_line' id='line_1_71' title="bbox 1080 3257 1794 3320; baseline 0.003 -17"><span class='ocrx_word' id='word_1_360' title='bbox 1080 3275 1099 3305; x_wconf 88' lang='lat'>1</span> <span class='ocrx_word' id='word_1_361' title='bbox 1112 3276 1135 3307; x_wconf 89' lang='lat'>2</span> <span class='ocrx_word' id='word_1_362' title='bbox 1142 3276 1186 3320; x_wconf 81' lang='lat'>3.</span> <span class='ocrx_word' id='word_1_363' title='bbox 1216 3259 1328 3320; x_wconf 33' lang='grc' dir='ltr'>ἕνα</span> <span class='ocrx_word' id='word_1_364' title='bbox 1344 3257 1440 3318; x_wconf 77' lang='lat' dir='ltr'>sint</span> <span class='ocrx_word' id='word_1_365' title='bbox 1468 3274 1520 3303; x_wconf 84' lang='lat' dir='ltr'>ea</span> <span class='ocrx_word' id='word_1_366' title='bbox 1539 3263 1710 3305; x_wconf 83' lang='lat' dir='ltr'>numina</span> <span class='ocrx_word' id='word_1_367' title='bbox 1729 3260 1794 3305; x_wconf 81' lang='lat' dir='ltr'>di-</span> 
     </span>
     <span class='ocr_line' id='line_1_72' title="bbox 1009 3320 1788 3385; baseline -0.003 -15"><span class='ocrx_word' id='word_1_368' title='bbox 1009 3343 1131 3377; x_wconf 80' lang='lat' dir='ltr'>vum,</span> <span class='ocrx_word' id='word_1_369' title='bbox 1166 3321 1288 3385; x_wconf 91' lang='lat' dir='ltr'>quod</span> <span class='ocrx_word' id='word_1_370' title='bbox 1309 3336 1493 3375; x_wconf 87' lang='lat' dir='ltr'>numen,</span> <span class='ocrx_word' id='word_1_371' title='bbox 1524 3320 1573 3367; x_wconf 84' lang='lat' dir='ltr'>h.</span> <span class='ocrx_word' id='word_1_372' title='bbox 1612 3336 1655 3368; x_wconf 92' lang='lat' dir='ltr'>e.</span> <span class='ocrx_word' id='word_1_373' title='bbox 1689 3338 1788 3384; x_wconf 86' lang='lat' dir='ltr'>quae</span> 
     </span>
     <span class='ocr_line' id='line_1_73' title="bbox 1011 3382 1787 3434; baseline -0.003 0"><span class='ocrx_word' id='word_1_374' title='bbox 1011 3389 1214 3434; x_wconf 86' lang='lat' dir='ltr'>voluntas</span> <span class='ocrx_word' id='word_1_375' title='bbox 1259 3382 1418 3431; x_wconf 83' lang='lat' dir='ltr'>Phoebi</span> <span class='ocrx_word' id='word_1_376' title='bbox 1472 3394 1518 3430; x_wconf 89' lang='lat' dir='ltr'>et</span> <span class='ocrx_word' id='word_1_377' title='bbox 1566 3383 1787 3433; x_wconf 86' lang='lat' dir='ltr'>sententia</span> 
     </span>
     <span class='ocr_line' id='line_1_74' title="bbox 1009 3446 1782 3511; baseline -0.006 -11"><span class='ocrx_word' id='word_1_378' title='bbox 1009 3450 1185 3500; x_wconf 82' lang='lat' dir='ltr'>oraculi</span> <span class='ocrx_word' id='word_1_379' title='bbox 1239 3446 1313 3511; x_wconf 72' lang='lat' dir='ltr'>fit.</span> <span class='ocrx_word' id='word_1_380' title='bbox 1395 3447 1535 3496; x_wconf 67' lang='lat' dir='ltr'>Reste</span> <span class='ocrx_word' id='word_1_381' title='bbox 1577 3447 1782 3495; x_wconf 76' lang='lat' dir='ltr'>Servius:</span> 
     </span>
    </p>
   </div>
   <div class='ocr_carea' id='block_1_23' title="bbox 1613 3513 1786 3563">
    <p class='ocr_par' dir='ltr' id='par_1_25' title="bbox 1613 3513 1786 3563">
     <span class='ocr_line' id='line_1_75' title="bbox 1613 3513 1786 3563; baseline 0.017 -3"><span class='ocrx_word' id='word_1_382' title='bbox 1613 3513 1786 3563; x_wconf 58' lang='lat' dir='ltr'>numida</span> 
     </span>
    </p>
   </div>
  </div>
 </body>
</html>
