2294 4030
670 298 820 362 AD
890 297 1533 367 LIBRUMVI.
1819 307 1935 392 817³

284 458 431 530 poeta
452 457 612 529 po'ffet,
643 464 883 531 ingeniose·
922 467 1025 516 satis
1052 462 1240 518 ’exitum
1280 471 1455 536 reperit
1491 489 1574 535 per
1603 485 1753 537 portas
1779 475 1937 530 Somni.

289 539 380 587 hoc
409 541 490 603 est,
524 541 778 589 Somniorum
814 541 877 588 in‘
898 554 1011 590 noto
1049 543 1156 592 loco
1190 545 1389 593 Homeri
1430 547 1593 610 Odyff.
1630 569 1677 603 τ,
1714 547 1806 614 562
1831 549 1935 612 sqq.

288 612 523 678 Penelope
560 613 627 661 ibi
666 613 841 661 somnia
882 614 1134 664 admodum
1174 616 1364 664 diversae
1409 632 1582 668 naturae
1612 623 1698 670 effe
1729 638 1936 684 pronun-

289 686 396 742 tiat,
431 687 522 736 alia
560 707 679 736 vera
718 688 844 736 exire
884 706 968 753 per
998 691 1171 753 portam
1203 711 1413 747 corneam,
1450 694 1539 741 alia
1544 695 1676 759 falsa
1698 713 1782 760 per
1803 696 1933 745 ebur-

289 781 450 812 neam:
486 764 612 811 Δοιαῖ
649 767 736 828 ‘yde
765 785 810 812 τε
848 766 981 812 πύλαι
1017 769 1210 824 ἀμενηνῶν
1250 767 1470 831 (levium)
1509 771 1606 818 εἰσιν
1650 773 1811 834 ὅνείξων·
1877 773 1937 819 A?

291 841 366 895 μὲν
403 839 491 902 γσὶς
542 841 736 902 κεράεσσι
780 840 1070 901 τετεύχαται.
1117 841 1163 886 αἱ
1201 839 1238 886 δ’
1278 845 1488 903 ἐλέφαντι.
1573 850 1657 892 Τῶν
1701 846 1744 891 οἵ
1777 849 1851 898 μέν
1894 847 1935 893 κ’

284 913 444 962 ἔλθωσι
467 915 539 961 Rho}
573 922 703 977 πςιςὲ
743 917 963 976 ἐλέφαντος
1002 918 1110 979 (per
1150 916 1271 963 fores
1309 934 1369 965 ex
1399 918 1540 966 sefflli
1570 920 1709 968 ebore
1742 920 1936 983 factas),

285 989 323 1036 οἱ
367 988 407 1035 δ’
436 991 741 1052 ἐλεφαίρονται,
786 991 875 1037 ἔπε’
909 992 1044 1050 (res5
1094 990 1215 1037 male
1254 990 1455 1039 reddunt
1498 993 1659 1048 verba,
1710 1005 1762 1042 ut
1797 995 1936 1043 innu—

215 1084 221 1097 κ
284 1063 424 1111 ‘meris
469 1065 669 1112 Homeri
711 1061 849 1125 locis)
896 1067 1123 1127 ἐικςάαντα
1161 1069 1342 1128 φέροντες
1384 1068 1472 1132 (ita
1506 1068 1784 1126 declaratur,
1818 1072 1933 1135 quid

283 1138 731 1203 fintfaffclfimniaJ·
771 1139 824 1186 Oi*
863 1138 903 1186 δὲ
938 1139 1008 1186 διὰ
1045 1142 1165 1198 ξεςῖὐν
1203 1144 1353 1203 medan
1396 1144 1466 1206 (h.
1492 1160 1535 1191 e.
1574 1144 1695 1192 fores
1734 1163 1794 1194 ex
1833 1148 1933 1196 sec*

281 1212 357 1261 tii'i
396 1230 536 1262 cornu
573 1215 738 1276 fastas)
791 1212 946 1262 ἔλθωσι
990 1214 1161 1278 ἓῦςαζε,
1197 1215 1256 1261 Οἵ
1285 1219 1324 1277 ῥ’
1365 1219 1503 1275 ἔτυμα
1532 1221 1719 1280 κςαῖνεσι
1773 1220 1844 1283 (h.
1885 1238 1933 1270 e·

283 1287 456 1344 serunt,
513 1289 726 1337 nuntiart
770 1305 863 1343 res,
911 1300 1012 1352 quae
1065 1304 1176 1336 vere
1230 1300 1449 1337 eventum
1494 1302 1627 1339 erunt
1679 1292 1925 1355 habiturae)

282 1365 441 1425 βξοτῶν
488 1366 556 1411 ὅτε
596 1366 658 1411 κέν
693 1384 758 1411 τις
791 1363 955 1413 ἴδηται.
1044 1361 1315 1410 Phantasma
1348 1365 1436 1412 hoc
1454 1370 1626 1430 fhrium
1657 1366 1935 1416 eburnearum

281 1449 330 1484 et
365 1458 608 1488 cornearum
648 1439 836 1487 ductum
871 1437 994 1486 haud
1034 1438 1175 1486 dubie
1213 1456 1272 1488 ex
1307 1440 1453 1503 prisca
1486 1441 1583 1489 vita
1612 1454 1660 1489 et
1692 1443 1931 1493 hominum

281 1510 489 1562 sermone
519 1531 603 1577 per
643 1531 799 1562 rerum
846 1513 1221 1562 adumbrationes
1259 1516 1509 1577 explicato,
1558 1534 1650 1580 quo
1690 1519 1831 1567 etiam
1864 1520 1932 1567 sa-

280 1590 515 1654 pientibus
555 1605 657 1640 erat
704 1590 946 1646 utendum,
983 1603 1033 1638 ut
1077 1590 1341 1653 symbolicis
1392 1609 1547 1639 rerum
1586 1593 1930 1644 affimulatiOni-

278 1668 365 1716 bus
411 1669 668 1716 animorum
707 1668 830 1716 sensa
875 1680 1178 1729 exponerent,
1229 1683 1383 1714 rerum
1433 1667 1726 1717 similitudine
1777 1670 1931 1735 aliqua

278 1745 355 1792 vel
387 1743 703 1792 animadversa
740 1743 815 1791 vel
863 1741 1149 1806 excogitata.
1233 1741 1289 1789 In
1328 1741 1490 1789 eadem
1523 1743 1603 1790 illa
1642 1744 1790 1808 prisca
1830 1746 1932 1794 vita

279 1818 434 1868 eboris
473 1831 519 1866 et
555 1835 700 1866 cornu
736 1817 834 1865 usus
874 1828 974 1863 erat
1008 1815 1238 1863 celebrior
1277 1833 1416 1881 quam
1438 1816 1723 1880 sequentibus
1748 1830 1932 1885 tempo-

280 1893 406 1942 ribus
427 1913 442 1951 3
475 1894 635 1958 itaque
674 1893 793 1941 fores
820 1908 1003 1955 quoque
1040 1891 1182 1938 ebore
1220 1891 1294 1937 vel
1335 1908 1475 1939 cornu
1511 1893 1780 1943 induebant.
1848 1897 1930 1945 De

277 1969 457 2017 ratione
498 1968 698 2032 ejusdem
743 1966 894 2014 eboris
918 2025 920 2027 Ι
943 1979 990 2013 et
1038 1982 1182 2013 cornu
1223 1965 1283 2013 ad
1322 1980 1481 2030 portas
1529 1970 1689 2017 Somni
1724 1971 1931 2019 transsati

277 2043 408 2091 varia
425 2046 526 2092 sunt
547 2056 759 2092 veterum
782 2054 828 2089 et
850 2040 1161 2089 recentiorum
1195 2040 1504 2104 interpretum
1538 2045 1597 2092 ad
1618 2046 1927 2095 Homericum

277 2131 326 2166 et
347 2119 663 2183 Virgilianum
688 2119 844 2166 locum
869 2117 1056 2165 somnia.
1126 2117 1434 2165 Verifimilior
1468 2137 1525 2166 ex
1548 2120 1602 2167 iis
1627 2121 1747 2168 forte
1780 2121 1928 2169 inter-

275 2196 482 2259 pretatio
502 2197 564 2242 est
585 2196 702 2249 haec,
739 2197 852 2258 quod
868 2193 988 2247 ebur,
1012 2207 1051 2240 et
1066 2213 1083 2240 1
1107 2197 1284 2240 candore
1289 2197 1372 2255 sito
1388 2194 1516 2243 lucem
1529 2201 1764 2259 promittit,
1787 2212 1927 2246 tamen

275 2289 356 2317 mn
378 2275 635 2333 tra73smitlit
673 2273 813 2330 ‘vfficm
852 2271 1034 2331 adeoque
1058 2267 1216 2331 fallit,
1253 2287 1377 2315 cornu
1406 2284 1553 2318 contra
1577 2271 1830 2334 pellucidum
1850 2277 1924 2337 est.

277 2345 409 2393 Nolo
434 2345 558 2392 enim
588 2343 829 2408 suspicioni
851 2344 1005 2390 locum
1028 2342 1159 2396 dare,
1193 2343 1242 2389 in
1266 2360 1424 2407 quam,
1456 2344 1624 2400 fateor,
1658 2346 1819 2401 incidi,
1856 2360 1925 2396 to-

275 2432 376 2469 mm
394 2422 480 2468 hoc
502 2420 700 2485 petitum
724 2420 809 2466 esse
834 2434 861 2464 a
883 2418 980 2465 lusu
1004 2419 1284 2465 verborum:
1321 2418 1424 2466 sunt
1447 2429 1613 2483 Ονειςοι,
1648 2438 1841 2484 quorum
1862 2424 1925 2469 est

275 2498 323 2544 τὸ
363 2495 681 2559 ἐλεφαίξεσῧαι,
739 2494 896 2557 itaque
947 2493 1142 2542 veniunt
1187 2495 1255 2540 dmi
1294 2498 1537 2556 ἔλέφαντοςς
1573 2496 1651 2544 alii
1690 2496 1807 2552 sunt,
1844 2499 1923 2563 qui

269 2575 479 2635 κξαίνκσι,
514 2572 641 2636 iique
666 2570 859 2618 veniunt
884 2569 953 2615 διὰ
978 2573 1144 2631 κεξάων.

338 2646 459 2694 Usus
483 2647 544 2693 est
578 2646 648 2693 his
674 2649 928 2692 Somniorum
961 2651 1105 2707 portis
1139 2644 1370 2708 Virgilius
1411 2644 1468 2691 ad
1503 2644 1826 2696 dimittendum
1861 2666 1920 2698 ex

274 2721 440 2770 inferis
475 2723 662 2769 heroe'm
696 2721 843 2774 suum,
878 2731 1105 2784 quatenus
1147 2720 1345 2768 Somniis
1383 2720 1431 2767 in
1470 2720 1631 2777 iisdem
1654 2721 1814 2771 inferis
1846 2725 1919 2772 lo-

268 2796 338 2845 cis
364 2796 488 2844 sedes
512 2797 588 2844 sua
611 2797 829 2861 affignata
862 2796 943 2842 est.
979 2795 1076 2842 vid.
1107 2795 1227 2842 Not.
1259 2795 1317 2841 ad
1339 2795 1385 2843 h.
1419 2808 1467 2841 v.
1494 2808 1540 2842 et
1562 2795 1696 2860 supra
1718 2797 1774 2843 ad
1803 2803 1918 2848 282.

270 2873 425 2938 Qodv
450 2873 708 2926 inventum,
745 2872 774 2918 fi
820 2887 878 2917 ex
917 2870 1059 2918 animi
1103 2870 1326 2917 sententia
1363 2870 1611 2918 dicendum
1651 2874 1730 2925 est,
1766 2874 1916 2922 omni-

269 2965 332 2996 no
355 2965 520 3012 pamm
544 2946 658 2994 felix
691 2958 737 2994 et
775 2945 994 2993 idoneum
1031 2946 1119 2992 effe
1165 2945 1367 2998 videtur,
1403 2959 1510 2992 cum
1549 2963 1606 2992 ne
1646 2947 1705 2994 ad
1738 2949 1917 3011 mythi-

268 3040 372 3072 cam
400 3023 588 3087 quidem
612 3011 714 3070 veri
747 3021 1126 3084 probabilitatem
1164 3021 1419 3084 quidquam
1462 3020 1511 3067 in
1544 3037 1600 3068 eo
1636 3023 1706 3076 fit,
1742 3036 1793 3070 ut
1829 3024 1916 3070 AE-

269 3113 377 3146 neas
415 3099 522 3146 cum
567 3097 744 3159 Sibylla
783 3096 948 3144 eadem
991 3096 1068 3143 via
1109 3109 1246 3143 exeat
1279 3113 1337 3142 ex
1374 3095 1552 3148 inferis,
1599 3113 1692 3160 qua
1727 3097 1917 3147 Somnia

268 3175 473 3222 evolant.
547 3172 747 3221 Felicius
773 3171 982 3219 Ovidius
1014 3174 1136 3218 Met.
1177 3172 1312 3224 XIV,
1338 3186 1446 3223 120,
1483 3170 1561 3231 ubi
1593 3172 1641 3218 h.
1671 3173 1704 3219 1.
1730 3173 1917 3236 expres-

269 3251 342 3304 fit,
386 3249 586 3296 AEneam
625 3247 786 3295 aversa
839 3243 975 3311 porta
1024 3247 1296 3294 redeuntem
1347 3244 1584 3309 prodidit:
1620 3248 1727 3295 Inde
1759 3254 1914 3312 firens

264 3325 386 3388 lqffbs
420 3326 574 3387 averyb
596 3326 772 3370 cardine
788 3324 964 3386 greffics.
1034 3322 1069 3368 F
1076 3337 1227 3367 errem
1262 3333 1436 3374 tamen,
1471 3320 1502 3366 fi
1538 3320 1642 3367 satis
1672 3322 1916 3378 habuisset,

267 3417 354 3464 per
389 3398 551 3447 Somni
573 3410 729 3461 portas
753 3397 982 3445 emittere.
1051 3395 1324 3449 Enimvero,
1358 3393 1467 3440 dum
1506 3396 1751 3443 exornavit
1784 3413 1911 3469 com-

264 3488 475 3528 mentum
511 3472 658 3528 suum,
695 3470 981 3532 eaadjecit,
1018 3468 1186 3534 quibus
1231 3467 1310 3515 sua
1353 3467 1511 3515 vineta
1553 3468 1648 3533 ipse
1699 3471 1912 3519 cecidisse

935 3557 938 3559 ’
1691 3544 1912 3595 dicendus
