2294 4030
448 357 585 430 {7742
705 333 1300 405 nsleGth
1368 320 1856 403 ‘Me-AR‘O'NIS

473 502 829 573 Fabricium,
855 502 949 561 vel
980 516 1036 587 te
1064 500 1244 571 sulec,
1271 500 1532 572 Serrane‚
1561 500 1896 574 serentem?
1928 535 1933 538 ·
1973 505 2086 581 843

443 620 606 699 ,Qo
632 617 838 695 fessum
859 617 1083 696 rapitis,
1113 614 1326 677 Fabii?
1371 629 1436 674 tu
1467 615 1779 703 Maximus
1806 616 1907 676 ine
1928 635 2012 689 es,
2056 634 2075 668 2
2165 595 2168 598 ’

468 704 637 790 Unusv
663 731 767 810 qui
794 731 962 790 nobis
989 728 1322 789 cunetando
1347 728 1606 789 restituis
1634 749 1785 795 rem.

440 845 778 906 ·-Excudent
804 842 906 901 alii
933 839 1212 924 spirantia
1239 838 1481 897 mollius
1509 858 1648 909 aera,
1836 854 1838 857 ’
2059 862 2073 901 )

471 959 664 1017 Credo
685 954 982 1034 equidem,
1009 952 1174 1011 vivos
1200 952 1422 1012 ducent
1442 952 1516 1012 de
1537 972 1833 1029 marmore
1858 954 2050 1013 voltus
2070 985 2094 1024 ς

464 1072 732 1132 Orabunt
759 1066 971 1127 caussas
994 1066 1222 1140 melius,
1253 1068 1505 1147 coelique
1534 1082 1760 1127 meatus
1970 1073 1999 1127 8
2007 1084 2088 1147 ςφ

461 1186 810 1252 Describent
839 1183 1023 1256 radio,
1067 1196 1125 1241 et
1154 1182 1450 1261 surgentia
1479 1176 1663 1244 fidera
1687 1182 1929 1256 dicent:

515 1350 608 1400 845.
637 1364 671 1391 et
689 1363 722 1390 te
751 1349 909 1390 Zulich.
963 1364 1023 1389 nec
1049 1360 1083 1387 te
1111 1345 1244 1386 Schol.
1282 1348 1389 1389 Pers.
1437 1349 1552 1404 ficlcos
1591 1347 1830 1388 emendabat
1863 1344 2094 1394 Turnebus,

463 1414 529 1454 sed
542 1416 641 1467 sulco
667 1414 753 1467 plus
771 1413 942 1465 poeticae
972 1412 1138 1451 rationis
1163 1411 1282 1450 habet
1299 1425 1387 1464 pro,
1400 1413 1525 1467 sulcis.
1584 1413 1732 1454 Semne·
1752 1410 1920 1451 Mentel.
1951 1407 2090 1449 Franc.

462 1479 579 1519 Witt.
635 1479 711 1518 Sed
747 1477 859 1516 numi
897 1486 937 1516 et
974 1490 1177 1516 marmora
1206 1476 1393 1515 Sarannus
1423 1476 1490 1515 vel
1522 1477 1714 1517 Serranus.
1755 1476 1838 1515 vid.
1885 1474 2020 1515 Heins-
2050 1482 2093 1513 et

461 1544 644 1582 Perizon.
670 1542 887 1581 Animadv.
903 1555 945 1594 p.
969 1540 1244 1589 24.-————84(>.
1271 1542 1354 1595 Qo
1367 1543 1519 1597 grffaem
1541 1557 1575 1581 r.
1599 1541 1723 1580 Rom.
1780 1542 1904 1595 capitis
1931 1538 2090 1600 Vratiil,

460 1621 494 1646 es
513 1606 615 1646 abest
635 1620 655 1644 a
672 1608 810 1645 Franc.
923 1604 1015 1654 847.
1041 1604 1188 1657 duplex
1224 1605 1353 1644 Codd.
1375 1603 1528 1659 familia
1546 1616 1557 1646 ε
1588 1606 1734 1659 restituis
1755 1605 1902 1646 Medic.
1925 1618 2018 1644 cum
2037 1603 2087 1652 al,

460 1671 610 1724 restitues
630 1671 751 1710 Rom.
775 1682 866 1709 cum
882 1668 1057 1716 caeteris3
1087 1682 1168 1707 non
1182 1669 1301 1708 video
1321 1682 1392 1708 cur
1409 1669 1484 1708 hoc
1502 1669 1729 1723 praeferam.
1789 1671 1963 1710 Poetam
1976 1669 2091 1722 decet

460 1734 593 1774 futura
607 1743 651 1773 ut
663 1732 872 1786 praesentia
886 1743 978 1773 ante
998 1731 1133 1772 oculos
1147 1746 1311 1786 ponere.
1323 1783 1325 1785 ι
1337 1734 1493 1787 restituet
1511 1733 1626 1773 Leid.
1645 1743 1685 1773 et
1700 1733 1763 1774 ed.
1776 1735 1882 1775 Ven.
1995 1731 2092 1781 848,

459 1800 598 1838 molibus
627 1798 746 1838 Witt.
861 1798 953 1851 849.
986 1799 1064 1839 cedo
1084 1798 1312 1838 emendavit
1334 1797 1569 1846 Markland.
1587 1798 1636 1838 ad
1657 1800 1756 1839 Stat.
1779 1811 1817 1852 p.
1839 1810 1863 1849 5
1893 1797 1973 1838 fine
1999 1795 2090 1836 ido-

460 1877 534 1903 nea
553 1864 689 1911 cauffa.
720 1863 770 1905 cf..
789 1865 927 1903 Burm.
982 1876 1015 1904 et
1033 1866 1141 1903 vivos
1170 1864 1322 1916 aliquot
1341 1864 1447 1927 apud
1467 1866 1624 1912 Burm.‚
1650 1864 1758 1904 haud
1777 1864 1897 1904 dubie
1915 1862 2090 1904 mollius.

456 1935 565 1971 vivos
587 1931 711 1970 alicent
731 1930 898 1983 Menag.
918 1943 1000 1983 pr„
1026 1929 1179 1969 librarii
1198 1930 1368 1982 stupore.
1484 1929 1576 1980 850.
1608 1931 1771 1970 orabant
1795 1929 1904 1970 Gud.
1937 1919 2099 1984 Soly‘quk

460 1995 490 2034 f.
516 1996 713 2048 Phoebique
731 2007 861 2034 meatus
880 2009 957 2033 em.
994 1996 1055 2048 Jo.
1089 1995 1309 2043 Schrader„
1336 1995 1404 2035 sed
1431 1996 1511 2036 coeli
1536 2011 1581 2035 m.
1613 1996 1703 2035 sunt
1722 1994 1894 2036 fidet-um
1919 2004 2087 2043 meatus.

564 2058 654 2109 851.
685 2059 895 2113 Describunt
920 2059 993 2098 sec.
1016 2062 1165 2099 Moret.
1222 2060 1337 2099 radios
1367 2059 1493 2101 Goth.
1517 2068 1610 2100 tert.
1667 2061 1799 2101 lumina
1832 2063 1996 2115 Menag.
2024 2048 2087 2116 pin

454 2124 578 2163 ducent
605 2122 746 2164 Parth.
769 2137 859 2163 cum
880 2124 1008 2165 Goth.
1030 2133 1123 2165 tert.
1131 2154 1143 2173 ,
1159 2134 1353 2179 perpetuo
1374 2124 1496 2179 lapsu.

453 2261 553 2325 quis
588 2262 773 2310 dicitur.
842 2265 912 2311 De
945 2265 1004 2312 C.
1071 2265 1223 2313 Atilio

457 2330 632 2375 Serrano
663 2345 706 2375 v.
735 2327 853 2376 Plin.
878 2329 1070 2387 XVIII,
1109 2347 1157 2391 3,
1189 2330 1223 2377 s.

456 2408 503 2453 4.
550 2391 756 2440 Perizon.
803 2393 1051 2442 Animadv.
1100 2394 1222 2442 Hist.

457 2473 502 2504 c.
541 2473 584 2503 1.

521 2523 628 2583 846.
666 2525 771 2586 847.
789 2526 963 2587 feffiem,
997 2541 1067 2571 me
1087 2524 1224 2589 longa

455 2586 676 2642 oratione,
718 2605 822 2635 cum
863 2589 919 2637 de
966 2588 1115 2636 Fabiis
1156 2601 1226 2636 tot

453 2649 646 2697 dicenda
700 2652 870 2700 restent.
957 2653 1031 2701 De
1082 2654 1224 2701 Fabio

451 2713 646 2762 Maximo
684 2717 956 2765 Cunetatore
979 2718 1125 2766 versus
1145 2720 1224 2766 de-

454 2777 585 2825 betur
606 2780 774 2828 Ennio.

520 2848 702 2906 848-8
711 2864 785 2908 54.
822 2846 969 2895 Locus
990 2848 1110 2894 haud
1132 2849 1217 2896 du·

449 2904 525 2953 bie
545 2925 570 2954 e
591 2909 884 2967 nobiliffimis,
920 2929 1011 2974 quo
1045 2912 1216 2960 Roma-

452 2988 610 3021 norum
646 2974 824 3037 ingenia
847 2988 892 3022 et
927 2977 1079 3024 laudes
1113 2994 1217 3025 cum

453 3035 641 3094 Graecis,
662 3055 763 3085 nam
778 3041 833 3086 ad
852 3041 933 3088 hos
947 3041 1216 3105 potiffimum

450 3100 661 3164 respicere
683 3103 830 3159 videri
852 3105 1006 3162 debet,
1038 3123 1219 3170 compa-

448 3177 620 3213 rantur.
687 3167 843 3215 G-raeci
866 3170 1125 3234 praestabant
1146 3188 1217 3219 ar-

451 3228 567 3276 tium
597 3231 846 3296 elegantia;
895 3251 952 3281 ex
991 3234 1048 3281 iis
1086 3241 1221 3298 po‘eta

449 3293 547 3340 aeris
615 3294 836 3343 fundendi
900 3299 1222 3364 marmorisque

449 3357 680 3430 sculpendi
702 3372 842 3408 artem
860 3375 1081 3412 memorat
1098 3385 1112 3421 3
1158 3365 1222 3420 fe-

449 3421 517 3467 lix
539 3423 659 3471 ldem
694 3425 753 3471 est
786 3426 835 3472 in
876 3427 1113 3475 verborum
1149 3429 1224 3476 di-

445 3486 589 3533 ]εξὶιιε
645 3508 740 3536 aera
780 3495 1002 3555 spirantia
1055 3493 1221 3551 statuae,

449 3565 546 3622 quae
567 3551 692 3600 vivos
713 3553 833 3603 viros
855 3555 1044 3606 reddere
1066 3557 1222 3606 viden-

1306 2277 1403 2323 tur;
1444 2277 1494 2313 et
1523 2266 1704 2322 mollius,
1726 2282 1835 2322 nam
1851 2263 2084 2331 proprium

1304 2330 1353 2377 in
1370 2330 1505 2395 fignis
1528 2331 1634 2378 hoc.
1651 2349 1698 2380 v.
1719 2330 1945 2395 Qinftil.
1963 2328 2082 2384 XII,

1313 2412 1389 2452 10,
1413 2413 1458 2460 7.
1526 2395 1710 2444 Scilicrt
1727 2394 1894 2459 partim
1922 2394 1983 2443 ad
2006 2410 2082 2451 ve-

1306 2460 1483 2507 ritatem
1507 2472 1698 2516 naturae,
1717 2475 1909 2524 corpore
1924 2470 1969 2506 et
1980 2474 2081 2519 cat-

1303 2542 1360 2571 ne
1378 2538 1606 2588 tamquam
1624 2525 1682 2572 ad
1701 2526 1866 2572 tastum
1882 2524 2083 2586 molliter

1308 2606 1395 2637 aere
1411 2589 1483 2637 vel
1517 2605 1742 2638 marmore
1762 2588 1960 2645 reddita,
1981 2603 2083 2652 par-

1308 2655 1398 2701 tim'
1416 2654 1702 2702 extremitate
1722 2654 1881 2702 formae
1900 2652 2015 2700 caste
2034 2662 2082 2714 et

1306 2719 1506 2766 molliter
1547 2719 1857 2767 circumdue‘ca
1903 2727 1950 2764 et
1991 2716 2082 2778 cit·

1305 2784 1511 2832 cumlita.
1595 2781 1708 2830 Non
1757 2783 1873 2831 male
1928 2792 2078 2842 autem

1301 2848 1492 2895 Urfinus
1555 2849 1818 2911 praeclarum
1890 2844 2082 2907 Pindatfi

1298 2914 1356 2960 de
1409 2911 1606 2960 Rhodiis
1645 2913 1795 2960 locum
1848 2928 1948 2959 com
1984 2921 2079 2962 arat

1299 2978 1489 3042 Olymp.
1515 2976 1628 3032 VII,
1650 2993 1859 3042 91-99.
1978 2974 2082 3022 raeci

1296 3059 1433 3107 porro
1490 3054 1493 3057 ⁴
1521 3041 1749 3089 raestabant
1796 3041 2075 3105 eloquentia,

1297 3119 1343 3154 et
1397 3059 1582 3171 quigem
1637 3105 1819 3161 forensi,
1871 3104 2081 3164 'Orabmgt

1301 3175 1464 3236 catffas
1486 3171 1647 3226 melius,
1678 3184 1723 3218 et
1757 3169 2082 3235 philosophicis

1300 3233 1721 3299 mathematicisque
1763 3234 1951 3289 studiis;
2030 3245 2079 3291 at

1300 3299 1443 3356 enim,
1477 3300 1528 3347 id
1559 3300 1684 3363 quod
1721 3304 1907 3364 poetam
1942 3289 2074 3344 dece-

1302 3363 1399 3420 bat,
1433 3380 1490 3411 ex
1513 3363 1569 3411 iis
1590 3380 1730 3413 unum
1750 3380 1895 3429 genus
1925 3361 2076 3426 posuit

1303 3427 1458 3483 Maro,
1527 3428 1743 3476 astrorum
1798 3427 2072 3487 scientiamg:

1288 3491 1400 3552 ,caeli
1419 3487 1668 3551 meatas‚'h.
1689 3509 1731 3540 e.
1765 3491 1956 3555 siderum
1975 3507 2080 3552 ctu·-

1305 3557 1401 3615 sus,
1465 3552 1738 3623 dfiribent,⁵
1763 3555 1975 3606 definient
2025 3555 2076 3603 in

1817 3622 1832 3637 ’
1921 3622 2080 3686 sphera
