2372 4030
466 391 620 440 xm
910 361 1061 433 PR
1092 364 1176 431 AE
1210 364 1266 432 F
1298 362 1364 432 A
1396 366 1462 433 T
1493 366 1523 432 I
1554 364 1659 433 O.v

462 558 688 609 manae·
705 560 778 605 ac
804 538 1080 616 Graecae,
1107 554 1352 606 extaret
1378 538 1602 606 saltem
1625 535 1956 628 exemplar
1981 534 2118 605 ali-s

460 635 667 744 quod,
689 676 837 742 -quo
882 652 963 718 de
994 654 1264 720 meliore
1292 668 1355 718 et
1409 648 1836 718 fruetuofioi‘e
1867 665 2110 717 veteres

458 773 683 859 po'dtas
716 765 977 856 legendi
1037 781 1101 831 et
1153 764 1618 856 interpretandi
1674 765 1917 830 ratione
1950 788 2111 830 con·-

454 883 648 951 staret
677 883 780 957 iis,
806 880 1043 970 quibus
1067 881 1240 948 bona
1262 879 1573 946 institutio
1598 877 1774 945 haud
1798 877 2111 970 contigis-

458 996 582 1064 set..
648 996 796 1062 Nec
826 996 1046 1061 minus
1081 994 1443 1062 constanter
1482 994 1852 1061 institutum
1882 1017 2110 1061 meum

457 1112 694 1180 retinui
741 1113 812 1178 in
858 1118 1073 1202 po‘etae
1117 1111 1414 1178 doctrina
1467 1108 1871 1187 declaranda,
1927 1110 2110 1200 quod

447 1227 620 1302 ,illud
647 1251 801 1294 cum
852 1227 1204 1316 voluptatis
1247 1242 1392 1292 turn
1453 1224 1750 1290 utilitatis
1812 1221 2111 1295 frustum

455 1339 691 1409 habere
743 1338 862 1407 usu
894 1357 1197 1429 expertus
1230 1363 1407 1406 eram
1439 1338 1930 1405 incredibilem:
1984 1338 2111 1404 ita-

456 1475 587 1543 que
611 1450 938 1518 Excursus
960 1476 1093 1518 non
1113 1452 1310 1519 modo
1342 1468 1581 1519 veteres
1609 1451 1835 1543 paffim
1868 1468 2109 1519 retrac-

455 1566 614 1643 tavi,
663 1590 890 1637 verum
929 1590 1135 1632 novos
1198 1592 1464 1657 quoque
1525 1568 1775 1657 aliquot
1810 1568 2052 1634 attexui
2080 1594 2105 1632 t

457 1682 615 1768 Qo
667 1678 941 1767 quidem
987 1678 1148 1751 illud
1182 1678 1494 1746 effectum
1557 1681 1807 1769 putavi,
1868 1695 1942 1746 ut
1989 1678 2111 1747 hac

451 1797 670 1883 poe'tae
695 1789 930 1857 summi
956 1791 1354 1856 enarratione
1402 1816 1641 1882 magna
1690 1795 1909 1859 omnis
1964 1818 2109 1860 me-

451 1905 634 1971 lioris
692 1905 1061 1973 litteraturae
1122 1904 1624 1996 liberaliorisque
1685 1906 2108 1977 institutionis

454 2035 603 2107 pars
651 2015 1105 2094 contineretur,
1140 2042 1418 2107 vereque
1474 2018 1634 2085 adeo
1695 2020 1826 2087 dici
1879 2021 2104 2112 pofl'et,

456 2131 743 2220 perlecto
769 2130 885 2194 rite
912 2136 1104 2219 po'eta
1130 2132 1423 2222 principe
1449 2131 1527 2197 ad
1552 2157 1823 2200 omnem
1845 2136 2106 2227 elegan-

456 2244 691 2311 tiorem
752 2243 1117 2310 doctrinam
1170 2245 1580 2335 aliquantum
1629 2265 1692 2314 te
1744 2249 2102 2341 profeciffe-.

458 2356 594 2426 Ser.
631 2358 741 2434 M.
791 2358 969 2441 Julio
1019 2382 1079 2425 M
1112 2381 1154 2424 D
1186 2383 1288 2428 cc
1320 2383 1500 2430 Lxx
1532 2386 1729 2435 xv·1.
