2294 4030
538 272 687 340 AD
749 274 1221 339 LIBRUM
1287 274 1373 335 11.
1667 278 1779 336 281

135 456 263 514 parte
281 447 505 517 theogoniae
539 455 586 493 et
613 445 683 495 in-
689 444 959 511 heroogonia,
992 442 1121 506 cujus
1142 453 1318 507 partem
1343 438 1621 504 superstitem
1641 438 1780 488 habe-

138 537 260 611 mus,
291 518 443 578 idem
436 530 750 584 argumentum
770 516 1036 565 versaverat.

200 592 357 659 Restat
378 611 515 652 nunc,
548 606 599 643 ut
618 593 736 642 illud
758 604 1012 658 quaeratur:
1049 591 1107 639 ad
1130 601 1281 638 utrum
1303 588 1572 638 Pisandrum
1589 585 1778 635 Macro-

135 660 238 725 hius
258 672 515 739 respexerit.
581 671 880 720 Valkenarius
902 670 1108 735 quidem,
1139 680 1335 760 gratum
1341 665 1501 714 litteris
1514 665 1670 730 graecis
1689 681 1776 712 no-

134 764 260 817 men,
292 759 531 812 utrumque
552 762 733 794 carmen
753 758 799 793 et
818 746 1070 809 Ἠςακλείας
1103 757 1148 791 et
1183 744 1358 825 demina„
1374 739 1618 800 &so-ymni&
1635 755 1776 786 unum

131 817 344 905 idemque
380 821 506 871 fuiffe
527 819 767 876 censebat3
802 819 1167 881 memorabatque
1189 817 1303 864 ille
1290 833 1339 863 m
1362 814 1572 862 Diatribe
1606 813 1663 860 ad
1685 812 1779 859 Eu-

133 893 222 960 rip.
244 913 292 960 p.
331 912 445 960 24
426 892 662 943 Macrobii
695 893 848 941 locum
893 894 977 949 ita,
1011 907 1060 940 ut
1099 893 1354 955 Pisandrum
1391 889 1563 937 diceret
1585 887 1778 935 Herculis

133 973 236 1017 ada
255 977 321 1017 ita
340 970 533 1032 cecimffi’,
565 980 613 1014 ut
640 987 671 1014 a
693 973 846 1030 nuptiis
868 968 1001 1029 Jovis
1039 981 1082 1016 et
1122 966 1306 1029 Junonis
1340 971 1530 1026 incipiens
1557 964 1776 1022 universas

94 1090 98 1092 ,
130 1041 428 1106 bstorias—in
444 1060 572 1090 unam
573 1044 732 1103 sertem
770 1049 930 1089 εοαὲῗας
948 1043 1162 1107 redegerit.
1229 1039 1298 1087 Ut
1337 1039 1449 1086 adeo
1486 1036 1649 1085 Suidas
1679 1048 1774 1082 tur·

128 1116 248 1184 piter
276 1117 422 1181 lapsus
454 1114 601 1163 videri
638 1111 842 1171 deberet,
875 1114 986 1162 dum
1025 1115 1074 1161 in
1097 1114 1190 1161 duo
1220 1113 1419 1160 diversos
1440 1110 1776 1159 Grammatices

130 1188 393 1246 incideret,
403 1190 593 1238 alterum
611 1188 796 1235 doctum
818 1189 1005 1236 alterum
1030 1189 1282 1244 indoctum,
1315 1187 1396 1251 qui
1433 1185 1630 1234 nominis
1649 1183 1773 1232 fimi-

129 1261 327 1311 litudine
346 1264 558 1328 deceptus
579 1262 821 1309 recentiori
841 1263 1060 1311 Pisandro
1081 1262 1339 1327 assignasset,
1371 1278 1472 1325 quae
1512 1259 1651 1324 veteri
1688 1259 1772 1306 tri-

45 1388 59 1394 ,
131 1334 267 1386 buere
288 1336 520 1387 debuisset.
585 1334 686 1396 jam
729 1336 918 1384 Suidam
957 1353 1012 1384 eo
1036 1338 1176 1385 modo
1208 1336 1362 1400 saepius
1393 1335 1604 1400 peccaffe,
1637 1350 1772 1381 nemo

130 1409 344 1467 dubitet3
380 1409 483 1458 satis
505 1425 665 1473 magna
685 1412 993 1474 exemplorum
1018 1411 1151 1475 copia
1171 1411 1393 1475 prostante
1406 1431 1421 1468 3
1467 1410 1554 1456 hoc
1574 1409 1678 1455 loco
1700 1420 1770 1455 ta-

131 1498 236 1532 men
276 1484 433 1546 fimile
451 1483 627 1531 crimen
651 1483 775 1531 nullo
798 1486 936 1532 modo
967 1485 1010 1532 ei
1032 1484 1228 1550 impingi
1251 1486 1407 1549 potest,
1440 1486 1655 1548 quoniam
1675 1483 1771 1547 ipsa

130 1572 200 1607 res
220 1571 402 1604 omnem
422 1555 723 1620 suspicionem
739 1556 880 1604 diluit
898 1579 912 1623 3
947 1559 1042 1605 fieri
1072 1558 1194 1606 enirn
1214 1558 1342 1605 nullo
1363 1560 1496 1623 pacto
1528 1557 1686 1621 potest,
1719 1567 1772 1604 ut
1830 1601 1831 1605 ,

131 1627 214 1689 illa
229 1629 323 1677 duo
343 1629 543 1677 carmina
564 1644 647 1692 pro
667 1645 758 1675 uno
781 1629 1028 1694 eodemque
1039 1631 1301 1678 habeantur.

196 1701 405 1751 Pisandri
429 1701 613 1766 quidem
636 1694 810 1751 'Rhodii
834 1703 907 1751 seu
931 1706 1200 1753 Camirenfis
1223 1705 1446 1753 Heracleae
1466 1720 1556 1751 non
1578 1703 1660 1750 nisi
1691 1706 1770 1751 duo

132 1775 239 1826 libri
274 1787 604 1826 memorantur:
655 1777 837 1841 quibuS,
878 1780 966 1828 five
1009 1781 1175 1828 molem
1217 1781 1479 1837 voluminis,
1514 1780 1601 1826 five
1638 1796 1772 1843 argu-

127 1851 274 1900 menti
294 1864 498 1899 naturam
519 1850 714 1914 cogites,
747 1851 826 1899 vix
858 1854 1095 1918 probabile
1118 1855 1167 1901 fit
1202 1857 1296 1902 inde
1318 1875 1347 1902 a
1370 1856 1503 1917 Jovis
1522 1868 1563 1901 et
1582 1854 1769 1917 Janom’s

48 1935 50 1938 ’
119 1930 282 1990 nuptie}
301 1929 519 1988 uni-versas
539 1925 742 1988 historias,
774 1946 871 1990 quae
904 1931 1044 1995 mediis
1065 1928 1246 1976 omnibus
1257 1928 1425 1992 saeculis
1445 1934 1565 1992 usque
1585 1930 1649 1976 ad
1662 1943 1771 1976 aeta-

128 2013 208 2048 tem
225 2000 346 2063 ipsius
363 2000 566 2063 Pffandri
582 2005 854 2063 contigerant,
888 2009 931 2048 in
947 2021 1073 2050 unam
1076 2006 1229 2064 seriem
1248 2010 1408 2050 condias
1428 2001 1454 2047 f
1453 2002 1572 2048 uifl'e.
1639 2002 1768 2048 Con-

28 2083 58 2095 ”
133 2083 204 2122 tra
223 2076 398 2138 ἡρωϊκῶν
421 2072 652 2131 θεογαμιῶν
694 2072 801 2119 libri
830 2074 967 2138 usque
990 2075 1047 2121 ad
1078 2075 1201 2121 XVI
1221 2076 1460 2122 laudantur
1471 2094 1484 2130 3
1540 2087 1587 2123 et
1623 2076 1772 2139 plures

119 2162 318 2198 ‘numero
337 2147 451 2195 olim
472 2147 598 2195 fuiffe
613 2146 849 2210 probabile
870 2149 951 2206 fit3
1002 2150 1174 2213 Ἰςοξιάν
1217 2153 1399 2199 ποικίλην
1437 2150 1491 2196 δι’
1534 2154 1635 2197 ἐπῶν
1657 2150 1771 2198 bene

128 2218 319 2288 appellat
340 2224 501 2272 Suidas
522 2226 558 2270 ἐν
580 2223 758 2276 βιβλίοις
781 2225 844 2280 ἓξ,
879 2225 1004 2286 quod
1026 2224 1185 2272 falsum
1208 2226 1310 2280 esse,
1346 2238 1395 2272 ut
1413 2242 1493 2272 nec
1513 2225 1660 2273 minus
1674 2225 1772 2272 Va-

127 2297 222 2346 lefii
245 2297 304 2346 ad
327 2297 501 2361 Evagr.
521 2296 565 2352 I,
588 2312 649 2344 zo
666 2296 1046 2354 emendationem,
1080 2298 1160 2361 qui
1165 2301 1339 2361 sedecim
1362 2298 1503 2346 libros
1537 2299 1664 2347 fuiffe
1687 2301 1770 2348 sta-

129 2371 299 2428 tuebat,
332 2389 390 2420 ex
411 2371 468 2418 iis
487 2382 627 2435 patet,
661 2388 760 2435 quae
780 2372 919 2418 modo
953 2372 1074 2419 dieta
1093 2372 1207 2420 sunt.
1275 2373 1389 2420 Sunt
1410 2373 1502 2420 duo
1524 2373 1686 2431 MSS„
1719 2375 1771 2423 in

84 2475 91 2479 -·
127 2446 291 2520 quibus
310 2447 369 2494 est
393 2450 428 2494 ἐν
448 2447 631 2501 βιβλίοις
654 2447 710 2504 ξε
746 2446 871 2509 quod
892 2463 983 2493 non
999 2446 1297 2512 improbabile
1318 2450 1399 2506 est,
1433 2447 1486 2505 fi,
1518 2467 1651 2514 quam
1680 2452 1771 2498 late

8 2526 17 2601 ,ξς
93 2550 97 2552 -
127 2528 438 2588 argumentum
460 2521 606 2588 operis
625 2521 841 2592 patuerit,
877 2533 1064 2611 reputes.
1135 2523 1323 2572 Zofimo
1358 2541 1441 2572 nec
1477 2526 1624 2571 minus
1652 2526 1770 2574 diei-

126 2604 203 2645 tur
223 2595 437 2644 pisander
457 2601 603 2644 πᾶσαν
627 2597 674 2644 ὧς
695 2598 813 2651 ειπεῖν
843 2597 994 2659 ῗςοξιόὶν
1013 2602 1261 2661 πεξιλαβώγ.
1328 2599 1591 2647 Laudamur
1630 2618 1767 2664 porro

116 2667 210 2720 v'sub
232 2669 439 2720 Pisandri
470 2670 649 2718 Rhodii
673 2670 856 2718 nomine
877 2688 949 2728 ea,
980 2689 1080 2736 quae
1114 2690 1217 2720 curn
1246 2675 1459 2721 Herculis
1499 2674 1624 2721 factis
1660 2692 1767 2724 con..

121 2735 278 2810 juncia
300 2743 435 2803 sunt3
488 2761 595 2792 cum
637 2744 860 2792 librorum
907 2762 1013 2792 vero
1037 2746 1148 2794 VH.
1173 2748 1240 2796 X.
1266 2747 1405 2795 XIII.
1431 2748 1566 2797 XIV.
1589 2748 1767 2801 XXVI

46 2816 48 2824 ’
125 2822 235 2869 abta
265 2835 337 2876 ea,
370 2834 470 2883 quae
506 2821 738 2882 quomodo
774 2820 893 2867 inter
932 2821 1147 2868 Herculis
1185 2822 1298 2869 facia
1333 2825 1484 2871 locum
1507 2823 1766 2880 habuerint,

128 2888 208 2943 vlit
227 2894 484 2964 affequare3
527 2892 629 2940 sunt
665 2909 801 2958 porro
838 2894 918 2941 illa
957 2895 1092 2952 levia,
1126 2909 1170 2943 et
1190 2899 1536 2962 grammaticum
1558 2914 1767 2954 acumen,

127 2968 493 3037 qualesefiorum
515 2969 785 3034 scriptorum
807 2971 886 3024 est,
921 2970 1104 3026 habent,
1138 2986 1216 3019 aut
1252 2973 1301 3019 in
1342 2973 1630 3035 etymologiis
1669 2990 1769 3021 ver-

16 3046 18 3049 ’
48 3074 54 3079 ⁷
126 3044 302 3095 iitnt‘u'r
369 3043 444 3093 De
465 3061 557 3109 quo
589 3056 640 3092 ut
666 3055 792 3092 tanto
815 3044 972 3091 melius
993 3046 1189 3104 constet,
1245 3048 1437 3111 agedum
1460 3063 1770 3112 comparemus

129 3115 238 3166 loe-a
252 3133 310 3166 ex
314 3129 523 3188 utroque
544 3116 762 3166 Pisandro
782 3117 932 3182 paffim
955 3119 1150 3166 laudata.

158 3186 287 3240 Ad
294 3192 576 3256 Camirergsem
599 3191 813 3256 respicere
846 3191 1040 3241 arbitror
1060 3194 1161 3240 loca
1192 3193 1444 3258 sequentia3
1494 3193 1770 3258 Apollodor.

127 3262 348 3321 ffibfioth.
373 3268 415 3324 Ῑ,
434 3274 483 3327 8,
505 3285 554 3338 5,
587 3268 686 3324 ubi,
720 3288 846 3334 quam
879 3268 960 3316 alii
981 3271 1184 3333 Hipponoi
1202 3269 1348 3333 filiam
1367 3283 1568 3323 narrant,
1600 3290 1654 3317 ex
1687 3290 1771 3336 qua

130 3335 271 3398 &eo
282 3343 446 3412 Tydeus
467 3346 676 3408 natmstt,
709 3346 866 3410 Gotges
885 3345 1030 3406 filiam
1055 3344 1268 3392 Pisandes
1301 3343 1469 3391 tradit:
1486 3355 1489 3358 ·
1529 3346 1773 3411 Πείσαιδςιις

128 3414 321 3492 *Xe-yet
389 3417 497 3468 Fuit
518 3430 670 3468 autem
707 3418 829 3467 inter
851 3418 1068 3468 Herculis
1098 3421 1286 3486 aequales
1319 3431 1364 3467 et
1400 3417 1544 3467 socios
1565 3420 1772 3485 Tydeus.

213 3492 438 3551 tosthenes
476 3494 527 3545 in
558 3492 882 3544 Catasterismis
924 3511 968 3544 c.
996 3509 1050 3549 η
1074 3492 1281 3542 Pisandri
1302 3492 1569 3542 auctoritate
1605 3493 1774 3550 firmat,

166 3560 222 3582 ‘⁸
1555 3566 1775 3617 Hermlem
