<?xml version="1.0" encoding="UTF-8"?>
<!DOCTYPE html PUBLIC "-//W3C//DTD XHTML 1.0 Transitional//EN"
    "http://www.w3.org/TR/xhtml1/DTD/xhtml1-transitional.dtd">
<html xmlns="http://www.w3.org/1999/xhtml" xml:lang="en" lang="en">
 <head>
  <title>
</title>
<meta http-equiv="Content-Type" content="text/html;charset=utf-8" />
  <meta name='ocr-system' content='tesseract 3.04.00' />
  <meta name='ocr-capabilities' content='ocr_page ocr_carea ocr_par ocr_line ocrx_word'/>
</head>
<body>
  <div class='ocr_page' id='page_1' title='image "./operavarietatele02virguoft_0216.png"; bbox 0 0 2372 4030; ppageno 0'>
   <div class='ocr_carea' id='block_1_1' title="bbox 518 364 2062 474">
    <p class='ocr_par' dir='ltr' id='par_1_1' title="bbox 518 364 2062 474">
     <span class='ocr_line' id='line_1_1' title="bbox 518 364 2062 474; baseline -0.005 -5"><span class='ocrx_word' id='word_1_1' title='bbox 518 417 646 470; x_wconf 72' lang='lat'><strong>2120</strong></span> <span class='ocrx_word' id='word_1_2' title='bbox 731 408 797 466; x_wconf 85' lang='lat' dir='ltr'><strong>P.</strong></span> <span class='ocrx_word' id='word_1_3' title='bbox 840 391 1316 465; x_wconf 76' lang='lat' dir='ltr'>VIRG1L1&#39;1</span> <span class='ocrx_word' id='word_1_4' title='bbox 1377 385 1878 474; x_wconf 67' lang='lat' dir='ltr'><strong>MARomsg</strong></span> <span class='ocrx_word' id='word_1_5' title='bbox 1920 364 2062 474; x_wconf 45' lang='lat' dir='ltr'><strong>&amp;eq</strong></span> 
     </span>
    </p>
   </div>
   <div class='ocr_carea' id='block_1_2' title="bbox 523 568 2147 659">
    <p class='ocr_par' dir='ltr' id='par_1_2' title="bbox 523 568 2147 659">
     <span class='ocr_line' id='line_1_2' title="bbox 523 568 2147 659; baseline -0.006 -21"><span class='ocrx_word' id='word_1_6' title='bbox 523 579 726 638; x_wconf 89' lang='lat' dir='ltr'><strong>Immo</strong></span> <span class='ocrx_word' id='word_1_7' title='bbox 751 597 880 658; x_wconf 83' lang='lat' dir='ltr'><strong>age,</strong></span> <span class='ocrx_word' id='word_1_8' title='bbox 906 591 966 636; x_wconf 89' lang='lat' dir='ltr'><strong>et</strong></span> <span class='ocrx_word' id='word_1_9' title='bbox 991 595 1027 635; x_wconf 85' lang='lat' dir='ltr'><strong>a</strong></span> <span class='ocrx_word' id='word_1_10' title='bbox 1054 576 1278 655; x_wconf 82' lang='lat' dir='ltr'><strong>prima,</strong></span> <span class='ocrx_word' id='word_1_11' title='bbox 1301 574 1421 646; x_wconf 86' lang='lat' dir='ltr'><strong>dic,</strong></span> <span class='ocrx_word' id='word_1_12' title='bbox 1447 572 1678 651; x_wconf 80' lang='lat' dir='ltr'><strong>hospes,</strong></span> <span class='ocrx_word' id='word_1_13' title='bbox 1706 571 1942 651; x_wconf 84' lang='lat' dir='ltr'>origine</span> <span class='ocrx_word' id='word_1_14' title='bbox 1967 568 2147 659; x_wconf 68' lang='lat' dir='ltr'><strong>nobis⁴</strong></span> 
     </span>
    </p>
   </div>
   <div class='ocr_carea' id='block_1_3' title="bbox 522 676 1941 770">
    <p class='ocr_par' dir='ltr' id='par_1_3' title="bbox 522 676 1941 770">
     <span class='ocr_line' id='line_1_3' title="bbox 522 676 1941 770; baseline -0.004 -19"><span class='ocrx_word' id='word_1_15' title='bbox 522 691 788 764; x_wconf 75' lang='lat' dir='ltr'><strong>Insidias,</strong></span> <span class='ocrx_word' id='word_1_16' title='bbox 814 691 1027 770; x_wconf 86' lang='lat' dir='ltr'><strong>inquit,</strong></span> <span class='ocrx_word' id='word_1_17' title='bbox 1055 690 1353 761; x_wconf 88' lang='lat' dir='ltr'><strong>Danaum,</strong></span> <span class='ocrx_word' id='word_1_18' title='bbox 1374 687 1649 766; x_wconf 86' lang='lat' dir='ltr'><strong>casusque</strong></span> <span class='ocrx_word' id='word_1_19' title='bbox 1676 676 1941 758; x_wconf 83' lang='lat' dir='ltr'><strong>tuorum,</strong></span> 
     </span>
    </p>
   </div>
   <div class='ocr_carea' id='block_1_4' title="bbox 521 771 2174 886">
    <p class='ocr_par' dir='ltr' id='par_1_4' title="bbox 521 766 2174 886">
     <span class='ocr_line' id='line_1_4' title="bbox 521 771 2174 886; baseline -0.002 -22"><span class='ocrx_word' id='word_1_20' title='bbox 521 804 880 886; x_wconf 87' lang='lat' dir='ltr'><strong>Erroresque</strong></span> <span class='ocrx_word' id='word_1_21' title='bbox 900 819 1052 863; x_wconf 73' lang='lat' dir='ltr'><strong>tuos,</strong></span> <span class='ocrx_word' id='word_1_22' title='bbox 1141 803 1305 863; x_wconf 86' lang='lat' dir='ltr'><strong>Nam</strong></span> <span class='ocrx_word' id='word_1_23' title='bbox 1327 802 1530 882; x_wconf 85' lang='lat' dir='ltr'><strong>tejam</strong></span> <span class='ocrx_word' id='word_1_24' title='bbox 1557 801 1812 880; x_wconf 88' lang='lat' dir='ltr'><strong>septima</strong></span> <span class='ocrx_word' id='word_1_25' title='bbox 1838 813 2039 880; x_wconf 87' lang='lat' dir='ltr'><strong>portat</strong></span> <span class='ocrx_word' id='word_1_26' title='bbox 2056 771 2174 881; x_wconf 87' lang='grc'><strong>755</strong></span> 
     </span>
    </p>
   </div>
   <div class='ocr_carea' id='block_1_5' title="bbox 522 898 2065 979">
    <p class='ocr_par' dir='ltr' id='par_1_5' title="bbox 522 898 2065 979">
     <span class='ocr_line' id='line_1_5' title="bbox 522 898 2065 979; baseline -0.001 0"><span class='ocrx_word' id='word_1_27' title='bbox 522 898 827 979; x_wconf 80' lang='lat' dir='ltr'><strong>Omnibus</strong></span> <span class='ocrx_word' id='word_1_28' title='bbox 856 933 1152 978; x_wconf 85' lang='lat' dir='ltr'>errantem</span> <span class='ocrx_word' id='word_1_29' title='bbox 1178 917 1348 976; x_wconf 90' lang='lat' dir='ltr'><strong>terris</strong></span> <span class='ocrx_word' id='word_1_30' title='bbox 1375 931 1433 975; x_wconf 93' lang='lat' dir='ltr'><strong>et</strong></span> <span class='ocrx_word' id='word_1_31' title='bbox 1464 914 1743 975; x_wconf 69' lang='lat' dir='ltr'><strong>fluctibus</strong></span> <span class='ocrx_word' id='word_1_32' title='bbox 1773 914 1964 978; x_wconf 77' lang='lat' dir='ltr'><strong>aestaS.</strong></span> <span class='ocrx_word' id='word_1_33' title='bbox 2025 918 2040 931; x_wconf 67' lang='lat'><strong>²</strong></span> <span class='ocrx_word' id='word_1_34' title='bbox 2064 926 2065 929; x_wconf 75' lang='grc'>’</span> 
     </span>
    </p>
   </div>
   <div class='ocr_carea' id='block_1_6' title="bbox 1085 1106 1194 1114">
    <p class='ocr_par' dir='ltr' id='par_1_6' title="bbox 1085 1106 1194 1114">
     <span class='ocr_line' id='line_1_6' title="bbox 1085 1106 1194 1114; baseline 0 0"><span class='ocrx_word' id='word_1_35' title='bbox 1085 1106 1194 1114; x_wconf 95' lang='lat' dir='ltr'><strong> </strong></span> 
     </span>
    </p>
   </div>
   <div class='ocr_carea' id='block_1_7' title="bbox 578 1087 1079 1140">
    <p class='ocr_par' dir='ltr' id='par_1_7' title="bbox 578 1087 1079 1140">
     <span class='ocr_line' id='line_1_7' title="bbox 578 1087 1079 1140; baseline -0.004 -14"><span class='ocrx_word' id='word_1_36' title='bbox 578 1098 673 1138; x_wconf 77' lang='grc'><em>753.</em></span> <span class='ocrx_word' id='word_1_37' title='bbox 704 1087 814 1128; x_wconf 83' lang='lat' dir='ltr'><strong>Nunc</strong></span> <span class='ocrx_word' id='word_1_38' title='bbox 837 1103 900 1140; x_wconf 79' lang='lat' dir='ltr'><strong>age</strong></span> <span class='ocrx_word' id='word_1_39' title='bbox 918 1088 1079 1138; x_wconf 84' lang='lat' dir='ltr'><strong>Hugen.</strong></span> 
     </span>
    </p>
   </div>
   <div class='ocr_carea' id='block_1_8' title="bbox 1198 1056 2182 1140">
    <p class='ocr_par' dir='ltr' id='par_1_8' title="bbox 1198 1056 2182 1140">
     <span class='ocr_line' id='line_1_8' title="bbox 1198 1056 2182 1140; baseline -0.003 -15"><span class='ocrx_word' id='word_1_40' title='bbox 1198 1095 1218 1134; x_wconf 91' lang='lat'><strong><em>7</em></strong></span> <span class='ocrx_word' id='word_1_41' title='bbox 1224 1095 1248 1134; x_wconf 85' lang='lat'>5</span> <span class='ocrx_word' id='word_1_42' title='bbox 1255 1085 1292 1126; x_wconf 81' lang='lat'><strong>6-</strong></span> <span class='ocrx_word' id='word_1_43' title='bbox 1315 1083 1698 1123; x_wconf 62' lang='lat' dir='ltr'><strong>Fluaibus—omuibus</strong></span> <span class='ocrx_word' id='word_1_44' title='bbox 1713 1056 1818 1140; x_wconf 60' lang='lat' dir='ltr'><strong>aaestai·</strong></span> <span class='ocrx_word' id='word_1_45' title='bbox 1833 1082 1916 1123; x_wconf 78' lang='lat' dir='ltr'><strong>alii.</strong></span> <span class='ocrx_word' id='word_1_46' title='bbox 1971 1098 2013 1122; x_wconf 82' lang='lat' dir='ltr'><strong>ac</strong></span> <span class='ocrx_word' id='word_1_47' title='bbox 2011 1083 2182 1138; x_wconf 61' lang='lat' dir='ltr'><strong>flufiibm‘</strong></span> 
     </span>
    </p>
   </div>
   <div class='ocr_carea' id='block_1_9' title="bbox 521 1144 2182 1334">
    <p class='ocr_par' dir='ltr' id='par_1_9' title="bbox 521 1144 2182 1334">
     <span class='ocr_line' id='line_1_9' title="bbox 521 1144 2182 1205; baseline -0.003 -13"><span class='ocrx_word' id='word_1_48' title='bbox 521 1151 691 1204; x_wconf 49' lang='lat' dir='ltr'><strong>Menagae</strong></span> <span class='ocrx_word' id='word_1_49' title='bbox 746 1160 780 1189; x_wconf 85' lang='lat' dir='ltr'><strong>et</strong></span> <span class='ocrx_word' id='word_1_50' title='bbox 803 1153 909 1188; x_wconf 83' lang='lat' dir='ltr'><strong>terris</strong></span> <span class='ocrx_word' id='word_1_51' title='bbox 927 1157 959 1188; x_wconf 83' lang='lat' dir='ltr'><strong>et</strong></span> <span class='ocrx_word' id='word_1_52' title='bbox 974 1149 1143 1202; x_wconf 57' lang='lat' dir='ltr'><strong>fluaeibus</strong></span> <span class='ocrx_word' id='word_1_53' title='bbox 1161 1147 1314 1200; x_wconf 88' lang='lat' dir='ltr'><strong>aliquot</strong></span> <span class='ocrx_word' id='word_1_54' title='bbox 1332 1147 1425 1205; x_wconf 68' lang='lat' dir='ltr'><strong>libri</strong></span> <span class='ocrx_word' id='word_1_55' title='bbox 1454 1161 1520 1201; x_wconf 53' lang='lat' dir='ltr'><strong>apa</strong></span> <span class='ocrx_word' id='word_1_56' title='bbox 1543 1146 1740 1195; x_wconf 86' lang='lat' dir='ltr'><strong>Pierium,</strong></span> <span class='ocrx_word' id='word_1_57' title='bbox 1767 1145 1891 1199; x_wconf 85' lang='lat' dir='ltr'><strong>quod,</strong></span> <span class='ocrx_word' id='word_1_58' title='bbox 1920 1144 2066 1200; x_wconf 84' lang='lat' dir='ltr'><strong>inquit,</strong></span> <span class='ocrx_word' id='word_1_59' title='bbox 2092 1146 2182 1187; x_wconf 74' lang='lat' dir='ltr'><strong>sen·-</strong></span> 
     </span>
     <span class='ocr_line' id='line_1_10' title="bbox 521 1210 2182 1268; baseline 0 -14"><span class='ocrx_word' id='word_1_60' title='bbox 521 1215 700 1255; x_wconf 83' lang='lat' dir='ltr'><strong>&#39;tentiam</strong></span> <span class='ocrx_word' id='word_1_61' title='bbox 720 1213 852 1253; x_wconf 86' lang='lat' dir='ltr'><strong>reddit</strong></span> <span class='ocrx_word' id='word_1_62' title='bbox 870 1212 1116 1251; x_wconf 77' lang='lat' dir='ltr'><strong>uberiorem.</strong></span> <span class='ocrx_word' id='word_1_63' title='bbox 1174 1214 1226 1250; x_wconf 87' lang='lat' dir='ltr'><strong>Et</strong></span> <span class='ocrx_word' id='word_1_64' title='bbox 1245 1211 1295 1251; x_wconf 88' lang='lat' dir='ltr'><strong>fic</strong></span> <span class='ocrx_word' id='word_1_65' title='bbox 1313 1225 1473 1265; x_wconf 88' lang='lat' dir='ltr'><strong>quoque</strong></span> <span class='ocrx_word' id='word_1_66' title='bbox 1495 1213 1588 1250; x_wconf 91' lang='lat' dir='ltr'><strong>MS.</strong></span> <span class='ocrx_word' id='word_1_67' title='bbox 1624 1211 1829 1251; x_wconf 83' lang='lat' dir='ltr'><strong>Bersman.</strong></span> <span class='ocrx_word' id='word_1_68' title='bbox 1850 1219 1891 1250; x_wconf 88' lang='lat' dir='ltr'><strong>et</strong></span> <span class='ocrx_word' id='word_1_69' title='bbox 1910 1211 1974 1251; x_wconf 78' lang='lat' dir='ltr'><strong>ed·</strong></span> <span class='ocrx_word' id='word_1_70' title='bbox 2001 1210 2182 1268; x_wconf 72' lang='lat' dir='ltr'><strong>Cuning·</strong></span> 
     </span>
     <span class='ocr_line' id='line_1_11' title="bbox 523 1272 1930 1334; baseline -0.004 -15"><span class='ocrx_word' id='word_1_71' title='bbox 523 1279 572 1320; x_wconf 84' lang='lat' dir='ltr'><strong>In</strong></span> <span class='ocrx_word' id='word_1_72' title='bbox 592 1278 718 1318; x_wconf 87' lang='lat' dir='ltr'><strong>Goth.</strong></span> <span class='ocrx_word' id='word_1_73' title='bbox 738 1290 798 1334; x_wconf 84' lang='lat' dir='ltr'><strong>pr.</strong></span> <span class='ocrx_word' id='word_1_74' title='bbox 821 1275 1028 1330; x_wconf 74' lang='lat' dir='ltr'><strong>subjicitur</strong></span> <span class='ocrx_word' id='word_1_75' title='bbox 1044 1288 1056 1316; x_wconf 68' lang='lat' dir='ltr'>z</span> <span class='ocrx_word' id='word_1_76' title='bbox 1086 1277 1226 1315; x_wconf 83' lang='lat' dir='ltr'><strong>Funera</strong></span> <span class='ocrx_word' id='word_1_77' title='bbox 1245 1272 1448 1317; x_wconf 61' lang='lat' dir='ltr'><strong>Dar&#39;daniae</strong></span> <span class='ocrx_word' id='word_1_78' title='bbox 1465 1284 1595 1316; x_wconf 78' lang='lat' dir='ltr'><strong>narrat</strong></span> <span class='ocrx_word' id='word_1_79' title='bbox 1598 1277 1766 1331; x_wconf 62' lang='lat' dir='ltr'><strong>fletusque</strong></span> <span class='ocrx_word' id='word_1_80' title='bbox 1769 1275 1930 1329; x_wconf 58' lang='lat' dir='ltr'><strong>secundo.</strong></span> 
     </span>
    </p>
   </div>
   <div class='ocr_carea' id='block_1_10' title="bbox 523 1412 1320 2318">
    <p class='ocr_par' dir='ltr' id='par_1_10' title="bbox 524 1412 1313 1720">
     <span class='ocr_line' id='line_1_12' title="bbox 525 1412 1311 1463; baseline -0.001 -1"><span class='ocrx_word' id='word_1_81' title='bbox 525 1414 659 1462; x_wconf 88' lang='lat' dir='ltr'><strong>mede</strong></span> <span class='ocrx_word' id='word_1_82' title='bbox 721 1425 768 1462; x_wconf 86' lang='lat' dir='ltr'><strong>et</strong></span> <span class='ocrx_word' id='word_1_83' title='bbox 833 1413 1034 1463; x_wconf 83' lang='lat' dir='ltr'><strong>Achille.</strong></span> <span class='ocrx_word' id='word_1_84' title='bbox 1135 1412 1311 1461; x_wconf 88' lang='lat' dir='ltr'><strong>Debuit</strong></span> 
     </span>
     <span class='ocr_line' id='line_1_13' title="bbox 524 1477 1312 1526; baseline -0.001 -1"><span class='ocrx_word' id='word_1_85' title='bbox 524 1486 675 1526; x_wconf 83' lang='lat' dir='ltr'><strong>autem</strong></span> <span class='ocrx_word' id='word_1_86' title='bbox 742 1479 791 1525; x_wconf 93' lang='lat' dir='ltr'><strong>in</strong></span> <span class='ocrx_word' id='word_1_87' title='bbox 860 1478 996 1526; x_wconf 84' lang='lat' dir='ltr'><strong>armis</strong></span> <span class='ocrx_word' id='word_1_88' title='bbox 1048 1477 1312 1526; x_wconf 89' lang='lat' dir='ltr'><strong>Memnonis</strong></span> 
     </span>
     <span class='ocr_line' id='line_1_14' title="bbox 525 1543 1313 1606; baseline -0.001 -16"><span class='ocrx_word' id='word_1_89' title='bbox 525 1543 702 1606; x_wconf 78' lang='lat' dir='ltr'><strong>aliquid</strong></span> <span class='ocrx_word' id='word_1_90' title='bbox 725 1543 1017 1590; x_wconf 90' lang='lat' dir='ltr'><strong>memorabile</strong></span> <span class='ocrx_word' id='word_1_91' title='bbox 1034 1543 1135 1599; x_wconf 81' lang='lat' dir='ltr'><strong>effe,</strong></span> <span class='ocrx_word' id='word_1_92' title='bbox 1158 1559 1313 1606; x_wconf 89' lang='lat' dir='ltr'><strong>quem-</strong></span> 
     </span>
     <span class='ocr_line' id='line_1_15' title="bbox 525 1607 1311 1672; baseline -0.003 -17"><span class='ocrx_word' id='word_1_93' title='bbox 525 1608 775 1655; x_wconf 79' lang='lat' dir='ltr'>admodum</span> <span class='ocrx_word' id='word_1_94' title='bbox 812 1608 863 1654; x_wconf 87' lang='lat' dir='ltr'><strong>in</strong></span> <span class='ocrx_word' id='word_1_95' title='bbox 904 1607 1076 1654; x_wconf 86' lang='lat' dir='ltr'><strong>caeteris</strong></span> <span class='ocrx_word' id='word_1_96' title='bbox 1115 1623 1311 1672; x_wconf 89' lang='lat' dir='ltr'><strong>quoque.</strong></span> 
     </span>
     <span class='ocr_line' id='line_1_16' title="bbox 527 1671 1074 1720; baseline 0 -1"><span class='ocrx_word' id='word_1_97' title='bbox 527 1671 643 1720; x_wconf 87' lang='lat' dir='ltr'><strong>Vid.</strong></span> <span class='ocrx_word' id='word_1_98' title='bbox 670 1671 856 1719; x_wconf 81' lang='lat' dir='ltr'><strong>Excurs.</strong></span> <span class='ocrx_word' id='word_1_99' title='bbox 880 1671 938 1717; x_wconf 92' lang='lat' dir='ltr'><strong>ad</strong></span> <span class='ocrx_word' id='word_1_100' title='bbox 958 1672 1004 1718; x_wconf 87' lang='lat' dir='ltr'><strong>h.</strong></span> <span class='ocrx_word' id='word_1_101' title='bbox 1030 1689 1074 1719; x_wconf 86' lang='lat' dir='ltr'><strong>v.</strong></span> 
     </span>
    </p>

    <p class='ocr_par' dir='ltr' id='par_1_11' title="bbox 523 1736 1315 2058">
     <span class='ocr_line' id='line_1_17' title="bbox 593 1736 1314 1802; baseline 0 -18"><span class='ocrx_word' id='word_1_102' title='bbox 593 1753 708 1802; x_wconf 77' lang='lat'><em>753.</em></span> <span class='ocrx_word' id='word_1_103' title='bbox 739 1737 785 1783; x_wconf 93' lang='lat' dir='ltr'><em>A</em></span> <span class='ocrx_word' id='word_1_104' title='bbox 819 1745 962 1800; x_wconf 84' lang='lat' dir='ltr'><strong>prima</strong></span> <span class='ocrx_word' id='word_1_105' title='bbox 998 1756 1035 1783; x_wconf 89' lang='lat' dir='ltr'><strong>o.</strong></span> <span class='ocrx_word' id='word_1_106' title='bbox 1079 1736 1314 1784; x_wconf 82' lang='lat' dir='ltr'><strong>excidium</strong></span> 
     </span>
     <span class='ocr_line' id='line_1_18' title="bbox 523 1799 1315 1863; baseline 0 -15"><span class='ocrx_word' id='word_1_107' title='bbox 523 1802 688 1863; x_wconf 76' lang='lat' dir='ltr'><strong>¹Trojae</strong></span> <span class='ocrx_word' id='word_1_108' title='bbox 722 1817 747 1847; x_wconf 92' lang='lat' dir='ltr'><strong>a</strong></span> <span class='ocrx_word' id='word_1_109' title='bbox 781 1801 987 1848; x_wconf 74' lang='lat' dir='ltr'><strong>simulato</strong></span> <span class='ocrx_word' id='word_1_110' title='bbox 1022 1801 1129 1849; x_wconf 90' lang='lat' dir='ltr'><strong>inde</strong></span> <span class='ocrx_word' id='word_1_111' title='bbox 1164 1799 1315 1849; x_wconf 89' lang='lat' dir='ltr'><strong>Achi-</strong></span> 
     </span>
     <span class='ocr_line' id='line_1_19' title="bbox 529 1865 1315 1930; baseline 0.003 -18"><span class='ocrx_word' id='word_1_112' title='bbox 529 1883 690 1913; x_wconf 86' lang='lat' dir='ltr'><strong>vorum</strong></span> <span class='ocrx_word' id='word_1_113' title='bbox 734 1865 883 1912; x_wconf 88' lang='lat' dir='ltr'><strong>reditu</strong></span> <span class='ocrx_word' id='word_1_114' title='bbox 926 1882 1133 1930; x_wconf 88' lang='lat' dir='ltr'><strong>equoque</strong></span> <span class='ocrx_word' id='word_1_115' title='bbox 1175 1865 1315 1914; x_wconf 88' lang='lat' dir='ltr'><strong>fabri-</strong></span> 
     </span>
     <span class='ocr_line' id='line_1_20' title="bbox 528 1930 1310 1994; baseline 0 -16"><span class='ocrx_word' id='word_1_116' title='bbox 528 1942 651 1978; x_wconf 87' lang='lat' dir='ltr'><strong>cato.</strong></span> <span class='ocrx_word' id='word_1_117' title='bbox 717 1930 846 1976; x_wconf 85' lang='lat' dir='ltr'><strong>Male</strong></span> <span class='ocrx_word' id='word_1_118' title='bbox 866 1931 947 1977; x_wconf 89' lang='lat' dir='ltr'><strong>alii</strong></span> <span class='ocrx_word' id='word_1_119' title='bbox 963 1932 1058 1994; x_wconf 83' lang='lat' dir='ltr'><strong>post</strong></span> <span class='ocrx_word' id='word_1_120' title='bbox 1077 1931 1310 1980; x_wconf 82' lang='lat' dir='ltr'><strong>Servium:</strong></span> 
     </span>
     <span class='ocr_line' id='line_1_21' title="bbox 530 1994 1068 2058; baseline 0.002 -16"><span class='ocrx_word' id='word_1_121' title='bbox 530 2011 559 2042; x_wconf 88' lang='lat' dir='ltr'><strong>a</strong></span> <span class='ocrx_word' id='word_1_122' title='bbox 580 2007 709 2058; x_wconf 88' lang='lat' dir='ltr'><strong>raptu</strong></span> <span class='ocrx_word' id='word_1_123' title='bbox 732 1995 842 2042; x_wconf 90' lang='lat' dir='ltr'><strong>inde</strong></span> <span class='ocrx_word' id='word_1_124' title='bbox 865 1994 1068 2043; x_wconf 84' lang='lat' dir='ltr'><strong>Helenae.</strong></span> 
     </span>
    </p>

    <p class='ocr_par' dir='ltr' id='par_1_12' title="bbox 530 2060 1320 2318">
     <span class='ocr_line' id='line_1_22' title="bbox 600 2060 1320 2125; baseline -0.003 -17"><span class='ocrx_word' id='word_1_125' title='bbox 600 2076 711 2125; x_wconf 76' lang='lat'><strong>755.</strong></span> <span class='ocrx_word' id='word_1_126' title='bbox 776 2060 1018 2108; x_wconf 82' lang='lat' dir='ltr'><strong>Annorum</strong></span> <span class='ocrx_word' id='word_1_127' title='bbox 1079 2076 1320 2108; x_wconf 89' lang='lat' dir='ltr'><strong>numerum</strong></span> 
     </span>
     <span class='ocr_line' id='line_1_23' title="bbox 530 2123 1318 2199; baseline -0.001 -27"><span class='ocrx_word' id='word_1_128' title='bbox 530 2124 603 2172; x_wconf 74' lang='lat' dir='ltr'><strong>vel</strong></span> <span class='ocrx_word' id='word_1_129' title='bbox 666 2140 724 2170; x_wconf 86' lang='lat' dir='ltr'><strong>ex</strong></span> <span class='ocrx_word' id='word_1_130' title='bbox 795 2123 892 2199; x_wconf 83' lang='lat' dir='ltr'><strong>ipso</strong></span> <span class='ocrx_word' id='word_1_131' title='bbox 942 2124 1087 2172; x_wconf 89' lang='lat' dir='ltr'><strong>AEnea</strong></span> <span class='ocrx_word' id='word_1_132' title='bbox 1140 2123 1211 2172; x_wconf 90' lang='lat' dir='ltr'><strong>vel</strong></span> <span class='ocrx_word' id='word_1_133' title='bbox 1261 2141 1318 2171; x_wconf 85' lang='lat' dir='ltr'><strong>ex</strong></span> 
     </span>
     <span class='ocr_line' id='line_1_24' title="bbox 534 2187 1314 2253; baseline 0 -17"><span class='ocrx_word' id='word_1_134' title='bbox 534 2191 720 2236; x_wconf 88' lang='lat' dir='ltr'><strong>Teucro</strong></span> <span class='ocrx_word' id='word_1_135' title='bbox 761 2187 874 2236; x_wconf 80' lang='lat' dir='ltr'><strong>selre</strong></span> <span class='ocrx_word' id='word_1_136' title='bbox 909 2189 1075 2252; x_wconf 89' lang='lat' dir='ltr'><strong>potuit.</strong></span> <span class='ocrx_word' id='word_1_137' title='bbox 1109 2188 1173 2237; x_wconf 88' lang='lat' dir='ltr'><strong>cf.</strong></span> <span class='ocrx_word' id='word_1_138' title='bbox 1221 2192 1314 2253; x_wconf 82' lang='lat'><strong>619</strong></span> 
     </span>
     <span class='ocr_line' id='line_1_25' title="bbox 551 2253 1318 2318; baseline 0 -17"><span class='ocrx_word' id='word_1_139' title='bbox 551 2273 599 2318; x_wconf 90' lang='lat' dir='ltr'><strong>q.</strong></span> <span class='ocrx_word' id='word_1_140' title='bbox 669 2253 743 2301; x_wconf 89' lang='lat' dir='ltr'><strong>De</strong></span> <span class='ocrx_word' id='word_1_141' title='bbox 791 2253 888 2317; x_wconf 89' lang='lat' dir='ltr'><strong>ipso</strong></span> <span class='ocrx_word' id='word_1_142' title='bbox 930 2270 1147 2302; x_wconf 87' lang='lat' dir='ltr'><strong>annorum</strong></span> <span class='ocrx_word' id='word_1_143' title='bbox 1187 2270 1318 2301; x_wconf 89' lang='lat' dir='ltr'><strong>com-</strong></span> 
     </span>
    </p>
   </div>
   <div class='ocr_carea' id='block_1_11' title="bbox 529 2317 1315 2386">
    <p class='ocr_par' dir='ltr' id='par_1_13' title="bbox 529 2317 1315 2386">
     <span class='ocr_line' id='line_1_26' title="bbox 529 2317 1315 2386; baseline 0.005 -21"><span class='ocrx_word' id='word_1_144' title='bbox 529 2330 647 2386; x_wconf 75' lang='lat' dir='ltr'><strong>puto</strong></span> <span class='ocrx_word' id='word_1_145' title='bbox 684 2335 730 2370; x_wconf 81' lang='lat' dir='ltr'><strong>V.</strong></span> <span class='ocrx_word' id='word_1_146' title='bbox 773 2317 965 2373; x_wconf 84' lang='lat' dir='ltr'><strong>Excurs.</strong></span> <span class='ocrx_word' id='word_1_147' title='bbox 1004 2320 1066 2367; x_wconf 86' lang='lat' dir='ltr'><strong>ad</strong></span> <span class='ocrx_word' id='word_1_148' title='bbox 1104 2319 1188 2368; x_wconf 89' lang='lat' dir='ltr'><strong>lib.</strong></span> <span class='ocrx_word' id='word_1_149' title='bbox 1222 2318 1315 2369; x_wconf 85' lang='grc' dir='ltr'><strong>ΠΙ.</strong></span> 
     </span>
    </p>
   </div>
   <div class='ocr_carea' id='block_1_12' title="bbox 595 2576 2181 3696">
    <p class='ocr_par' dir='ltr' id='par_1_14' title="bbox 595 2576 2181 3696">
     <span class='ocr_line' id='line_1_27' title="bbox 595 2576 2181 3696; baseline 0 0"><span class='ocrx_word' id='word_1_150' title='bbox 595 2576 2181 3696; x_wconf 95' lang='lat' dir='ltr'><strong> </strong></span> 
     </span>
    </p>
   </div>
   <div class='ocr_carea' id='block_1_13' title="bbox 1390 1412 2194 2318">
    <p class='ocr_par' dir='ltr' id='par_1_15' title="bbox 1390 1412 2194 2318">
     <span class='ocr_line' id='line_1_28' title="bbox 1390 1412 2187 1479; baseline 0.001 -18"><span class='ocrx_word' id='word_1_151' title='bbox 1390 1430 1460 1479; x_wconf 83' lang='lat' dir='ltr'><strong>pr.</strong></span> <span class='ocrx_word' id='word_1_152' title='bbox 1482 1412 1710 1462; x_wconf 84' lang='lat' dir='ltr'><strong>Caeterum</strong></span> <span class='ocrx_word' id='word_1_153' title='bbox 1734 1413 1935 1462; x_wconf 89' lang='lat' dir='ltr'><strong>Homius</strong></span> <span class='ocrx_word' id='word_1_154' title='bbox 1954 1429 1998 1462; x_wconf 90' lang='lat' dir='ltr'><strong>c.</strong></span> <span class='ocrx_word' id='word_1_155' title='bbox 2027 1412 2187 1477; x_wconf 74' lang='lat' dir='ltr'><strong>XXII</strong></span> 
     </span>
     <span class='ocr_line' id='line_1_29' title="bbox 1393 1478 2179 1544; baseline 0 -17"><span class='ocrx_word' id='word_1_156' title='bbox 1393 1480 1540 1527; x_wconf 90' lang='lat' dir='ltr'><strong>Elem.</strong></span> <span class='ocrx_word' id='word_1_157' title='bbox 1583 1479 1691 1528; x_wconf 88' lang='lat' dir='ltr'><strong>crit.</strong></span> <span class='ocrx_word' id='word_1_158' title='bbox 1737 1478 2027 1544; x_wconf 90' lang='lat' dir='ltr'><strong>reprehendit</strong></span> <span class='ocrx_word' id='word_1_159' title='bbox 2067 1478 2179 1528; x_wconf 88' lang='lat' dir='ltr'><strong>libri</strong></span> 
     </span>
     <span class='ocr_line' id='line_1_30' title="bbox 1391 1542 2187 1608; baseline 0.003 -18"><span class='ocrx_word' id='word_1_160' title='bbox 1391 1542 1655 1601; x_wconf 86' lang='lat' dir='ltr'><strong>clausulam,</strong></span> <span class='ocrx_word' id='word_1_161' title='bbox 1709 1560 1815 1591; x_wconf 91' lang='lat' dir='ltr'><strong>cum</strong></span> <span class='ocrx_word' id='word_1_162' title='bbox 1875 1543 1973 1608; x_wconf 86' lang='lat' dir='ltr'><strong>ipsa</strong></span> <span class='ocrx_word' id='word_1_163' title='bbox 2038 1565 2187 1608; x_wconf 66' lang='lat' dir='ltr'><strong>engay-</strong></span> 
     </span>
     <span class='ocr_line' id='line_1_31' title="bbox 1393 1607 2182 1673; baseline 0.004 -19"><span class='ocrx_word' id='word_1_164' title='bbox 1393 1609 1557 1667; x_wconf 73' lang='grc' dir='ltr'>ματειά</span> <span class='ocrx_word' id='word_1_165' title='bbox 1600 1607 1779 1655; x_wconf 88' lang='lat' dir='ltr'><strong>nullum</strong></span> <span class='ocrx_word' id='word_1_166' title='bbox 1818 1607 1918 1663; x_wconf 89' lang='lat' dir='ltr'><strong>hic,</strong></span> <span class='ocrx_word' id='word_1_167' title='bbox 1952 1608 2011 1656; x_wconf 88' lang='lat' dir='ltr'><strong>ad</strong></span> <span class='ocrx_word' id='word_1_168' title='bbox 2055 1608 2182 1673; x_wconf 87' lang='lat' dir='ltr'><strong>quod</strong></span> 
     </span>
     <span class='ocr_line' id='line_1_32' title="bbox 1394 1671 2185 1736; baseline 0.001 -16"><span class='ocrx_word' id='word_1_169' title='bbox 1394 1673 1476 1720; x_wconf 90' lang='lat' dir='ltr'><strong>illa</strong></span> <span class='ocrx_word' id='word_1_170' title='bbox 1518 1671 1668 1719; x_wconf 87' lang='lat' dir='ltr'><strong>incidi</strong></span> <span class='ocrx_word' id='word_1_171' title='bbox 1708 1671 1943 1736; x_wconf 56' lang='lat' dir='ltr'><strong>potuerit,</strong></span> <span class='ocrx_word' id='word_1_172' title='bbox 1979 1689 2185 1721; x_wconf 87' lang='lat' dir='ltr'><strong>momen-</strong></span> 
     </span>
     <span class='ocr_line' id='line_1_33' title="bbox 1395 1735 2194 1801; baseline 0.005 -17"><span class='ocrx_word' id='word_1_173' title='bbox 1395 1749 1494 1785; x_wconf 76' lang='lat' dir='ltr'><strong>tum</strong></span> <span class='ocrx_word' id='word_1_174' title='bbox 1564 1735 1835 1801; x_wconf 82' lang='lat' dir='ltr'><strong>suppeditet.</strong></span> <span class='ocrx_word' id='word_1_175' title='bbox 1946 1735 2194 1796; x_wconf 69' lang='lat' dir='ltr'><strong>Monit‘um</strong></span> 
     </span>
     <span class='ocr_line' id='line_1_34' title="bbox 1395 1801 2184 1866; baseline 0.001 -17"><span class='ocrx_word' id='word_1_176' title='bbox 1395 1802 1506 1856; x_wconf 88' lang='lat' dir='ltr'><strong>hoc,</strong></span> <span class='ocrx_word' id='word_1_177' title='bbox 1539 1811 1590 1848; x_wconf 93' lang='lat' dir='ltr'><strong>ut</strong></span> <span class='ocrx_word' id='word_1_178' title='bbox 1624 1802 1755 1866; x_wconf 88' lang='lat' dir='ltr'><strong>plura</strong></span> <span class='ocrx_word' id='word_1_179' title='bbox 1791 1817 1819 1848; x_wconf 91' lang='lat' dir='ltr'><strong>a</strong></span> <span class='ocrx_word' id='word_1_180' title='bbox 1849 1801 2025 1849; x_wconf 89' lang='lat' dir='ltr'><strong>summo</strong></span> <span class='ocrx_word' id='word_1_181' title='bbox 2058 1801 2184 1861; x_wconf 80' lang='lat' dir='ltr'><strong>viro,</strong></span> 
     </span>
     <span class='ocr_line' id='line_1_35' title="bbox 1396 1864 2185 1929; baseline 0.004 -16"><span class='ocrx_word' id='word_1_182' title='bbox 1396 1866 1604 1914; x_wconf 87' lang='lat' dir='ltr'><strong>subtilius</strong></span> <span class='ocrx_word' id='word_1_183' title='bbox 1649 1882 1786 1929; x_wconf 90' lang='lat' dir='ltr'><strong>quam</strong></span> <span class='ocrx_word' id='word_1_184' title='bbox 1828 1864 1994 1915; x_wconf 79' lang='lat' dir='ltr'><strong>verius.</strong></span> <span class='ocrx_word' id='word_1_185' title='bbox 2058 1867 2185 1916; x_wconf 68' lang='lat' dir='ltr'><strong>Cut&#39;n&#39;</strong></span> 
     </span>
     <span class='ocr_line' id='line_1_36' title="bbox 1396 1930 2189 1996; baseline 0.001 -18"><span class='ocrx_word' id='word_1_186' title='bbox 1396 1932 1554 1980; x_wconf 87' lang='lat' dir='ltr'><strong>AEneae</strong></span> <span class='ocrx_word' id='word_1_187' title='bbox 1590 1930 1848 1978; x_wconf 87' lang='lat' dir='ltr'><strong>narratione</strong></span> <span class='ocrx_word' id='word_1_188' title='bbox 1876 1932 2189 1996; x_wconf 19' lang='lat' dir='ltr'><strong>&#39;nouusffplane</strong></span> 
     </span>
     <span class='ocr_line' id='line_1_37' title="bbox 1403 1992 2187 2062; baseline 0.003 -19"><span class='ocrx_word' id='word_1_189' title='bbox 1403 2012 1550 2044; x_wconf 88' lang='lat' dir='ltr'><strong>rerum</strong></span> <span class='ocrx_word' id='word_1_190' title='bbox 1575 1995 1691 2044; x_wconf 88' lang='lat' dir='ltr'><strong>ordo</strong></span> <span class='ocrx_word' id='word_1_191' title='bbox 1725 1994 1947 2060; x_wconf 84' lang='lat' dir='ltr'><strong>exsurgit,</strong></span> <span class='ocrx_word' id='word_1_192' title='bbox 1979 1992 2187 2062; x_wconf 82' lang='lat' dir='ltr'><strong>adeoque</strong></span> 
     </span>
     <span class='ocr_line' id='line_1_38' title="bbox 1399 2057 2186 2125; baseline 0.004 -18"><span class='ocrx_word' id='word_1_193' title='bbox 1399 2060 1734 2108; x_wconf 86' lang='lat' dir='ltr'><strong>memorabilem</strong></span> <span class='ocrx_word' id='word_1_194' title='bbox 1803 2057 2186 2125; x_wconf 81' lang='lat' dir='ltr'><strong>interquiescendi</strong></span> 
     </span>
     <span class='ocr_line' id='line_1_39' title="bbox 1397 2123 2189 2188; baseline 0.001 -16"><span class='ocrx_word' id='word_1_195' title='bbox 1397 2126 1552 2172; x_wconf 90' lang='lat' dir='ltr'><strong>locum</strong></span> <span class='ocrx_word' id='word_1_196' title='bbox 1587 2124 1792 2188; x_wconf 89' lang='lat' dir='ltr'><strong>subjicit.</strong></span> <span class='ocrx_word' id='word_1_197' title='bbox 1861 2123 1936 2172; x_wconf 89' lang='lat' dir='ltr'><strong>De</strong></span> <span class='ocrx_word' id='word_1_198' title='bbox 1976 2124 2189 2174; x_wconf 72' lang='lat' dir='ltr'><strong>clausulis</strong></span> 
     </span>
     <span class='ocr_line' id='line_1_40' title="bbox 1397 2189 2190 2238; baseline 0.001 -1"><span class='ocrx_word' id='word_1_199' title='bbox 1397 2201 1446 2237; x_wconf 91' lang='lat' dir='ltr'><strong>et</strong></span> <span class='ocrx_word' id='word_1_200' title='bbox 1482 2189 1682 2237; x_wconf 85' lang='lat' dir='ltr'><strong>exordiis</strong></span> <span class='ocrx_word' id='word_1_201' title='bbox 1717 2189 1939 2236; x_wconf 89' lang='lat' dir='ltr'><strong>librorum</strong></span> <span class='ocrx_word' id='word_1_202' title='bbox 1977 2189 2190 2238; x_wconf 65' lang='lat' dir='ltr'><strong>AEneidis</strong></span> 
     </span>
     <span class='ocr_line' id='line_1_41' title="bbox 1395 2253 2185 2318; baseline 0.006 -17"><span class='ocrx_word' id='word_1_203' title='bbox 1395 2271 1490 2301; x_wconf 90' lang='lat' dir='ltr'><strong>non</strong></span> <span class='ocrx_word' id='word_1_204' title='bbox 1534 2256 1651 2302; x_wconf 91' lang='lat' dir='ltr'><strong>male</strong></span> <span class='ocrx_word' id='word_1_205' title='bbox 1693 2253 2002 2318; x_wconf 88' lang='lat' dir='ltr'><strong>disputantem</strong></span> <span class='ocrx_word' id='word_1_206' title='bbox 2040 2253 2185 2306; x_wconf 65' lang='lat' dir='ltr'><strong>video</strong></span> 
     </span>
    </p>
   </div>
   <div class='ocr_carea' id='block_1_14' title="bbox 1393 2306 1961 2385">
    <p class='ocr_par' dir='ltr' id='par_1_16' title="bbox 1393 2306 1961 2385">
     <span class='ocr_line' id='line_1_42' title="bbox 1393 2306 1961 2385; baseline 0.004 -18"><span class='ocrx_word' id='word_1_207' title='bbox 1393 2317 1493 2385; x_wconf 77' lang='lat' dir='ltr'><strong>Jos.</strong></span> <span class='ocrx_word' id='word_1_208' title='bbox 1507 2306 1760 2385; x_wconf 67' lang='lat' dir='ltr'><strong>Tiappium</strong></span> <span class='ocrx_word' id='word_1_209' title='bbox 1780 2318 1841 2367; x_wconf 78' lang='lat' dir='ltr'><strong>ad</strong></span> <span class='ocrx_word' id='word_1_210' title='bbox 1861 2319 1910 2368; x_wconf 86' lang='lat' dir='ltr'><strong>h.</strong></span> <span class='ocrx_word' id='word_1_211' title='bbox 1925 2319 1961 2370; x_wconf 75' lang='grc' dir='ltr'><strong>ἶ.</strong></span> 
     </span>
    </p>
   </div>
   <div class='ocr_carea' id='block_1_15' title="bbox 2336 0 2372 2981">
    <p class='ocr_par' dir='ltr' id='par_1_17' title="bbox 2336 0 2372 2981">
     <span class='ocr_line' id='line_1_43' title="bbox 2336 0 2372 2981; baseline 0 0"><span class='ocrx_word' id='word_1_212' title='bbox 2336 0 2372 2981; x_wconf 95' lang='lat' dir='ltr'><strong> </strong></span> 
     </span>
    </p>
   </div>
  </div>
 </body>
</html>
