2372 4030
648 294 1160 368 AENEIDos,
1217 293 1402 363 LIB.
1462 300 1515 361 1.
1788 319 1866 384 59

216 459 643 540 ‘Purpureoque
670 457 791 521 alte
819 455 974 518 suras
1003 457 1230 516 vincire
1251 458 1563 523 cothurno,

222 569 448 637 Punica
474 590 655 650 regna
686 569 871 640 vides,
913 568 1148 647 Tyrios,
1189 583 1248 627 et
1279 570 1580 647 Agenoris
1618 569 1863 633 urbem:

222 680 339 746 Sed
371 679 518 744 fines
547 675 786 756 Libyci,
809 696 996 756 genus
1026 675 1399 743 intradibabile
1427 676 1606 738 bello·

224 790 560 872 Imperium
589 789 755 853 Dido
785 788 971 872 Tyria
998 788 1151 869 regit
1184 790 1328 851 urbe
1353 788 1631 871 profee'ta„
1745 810 1868 871 340

222 903 598 971 Germanum
626 902 880 990 fugiens.
967 902 1179 983 Longa
1206 904 1288 967 est
1315 902 1549 988 injuria,
1577 905 1778 986 longae

221 1007 560 1100 Ambages’:
604 1017 720 1077 Sed
749 1017 984 1076 summa
1013 1018 1218 1096 sequar
1250 1017 1482 1096 fastigia
1503 1037 1722 1082 rerum.

223 1133 390 1206 Huic
420 1105 682 1214 conjunx
711 1130 990 1210 Sychaeus
1020 1147 1160 1206 erat,
1189 1131 1500 1194 ditiffimus
1529 1133 1662 1213 agri

219 1313 424 1354 —337.
451 1318 517 1356 que
535 1300 641 1341 abest
671 1314 695 1340 a
725 1301 830 1353 Reg.
886 1302 967 1339 altae
997 1299 1168 1340 Gudian.
1237 1308 1361 1354 aptare
1385 1301 1543 1342 Servius
1566 1301 1662 1342 citat
1703 1303 1754 1343 ad
1781 1303 1864 1345 Ecl.

219 1367 313 1414 VII,
352 1378 417 1417 32.
527 1364 619 1415 338.
650 1364 751 1404 urbes
781 1364 926 1404 Medic.
967 1377 990 1403 a
1027 1378 1082 1403 m.
1111 1379 1169 1417 pr.
1285 1377 1378 1418 339.
1398 1366 1485 1420 sunt
1501 1368 1597 1420 fines
1634 1371 1684 1408 L.
1726 1368 1864 1421 Bigot.

217 1430 350 1486 Libyci
381 1432 478 1485 fines
525 1427 699 1468 Dorvill.
770 1429 867 1482 fines
906 1428 1019 1480 Libye
1064 1427 1188 1468 Goth.
1229 1437 1322 1468 tert.
1354 1438 1394 1468 et
1424 1429 1667 1483 Guelpherb.
1708 1444 1810 1471 unus
1841 1445 1867 1471 a

219 1493 364 1533 Cortio
397 1493 572 1533 collatus.
627 1507 738 1547 genus
776 1492 1004 1547 insttperabile
1036 1492 1210 1531 Pieriani
1251 1493 1417 1544 aliquot,
1464 1496 1617 1536 Moret.
1659 1505 1788 1548 quart.
1823 1506 1866 1539 et

221 1555 349 1595 Goth.
384 1556 459 1595 sec.
487 1554 605 1594 Leid.
624 1564 664 1594 et
711 1555 812 1607 Reg.
844 1567 918 1607 pro
937 1554 1050 1606 gloss.
1073 1555 1177 1594 forte
1206 1568 1253 1595 ex
1283 1557 1355 1603 IV,
1399 1568 1466 1603 40.
1520 1558 1739 1598 immeabile
1758 1559 1867 1612 ferro

220 1619 390 1667 Oudart,
421 1655 426 1658 .
461 1655 480 1658 ,.
503 1630 597 1669 342.
655 1619 809 1673 Vestigia
857 1618 1040 1657 Parrhas.
1084 1622 1243 1671 Menag.
1285 1632 1344 1671 pr.
1387 1620 1533 1660 Hamb.
1571 1634 1634 1674 pr.
1679 1630 1719 1661 et
1759 1624 1865 1660 Rot-

216 1683 327 1727 tend.
366 1698 441 1741 pro
474 1696 556 1723 var.
601 1682 697 1722 ῙΕᾶ.
766 1682 852 1721 Nec
882 1682 957 1722 hoc
992 1681 1108 1721 male.
1155 1683 1222 1722 sed
1251 1684 1407 1737 fastigia
1449 1684 1539 1723 sunt
1582 1684 1712 1736 capita
1769 1698 1865 1724 nar-

215 1747 395 1788 rationis.
506 1757 599 1796 343.
630 1745 806 1792 Mirum,
847 1744 889 1784 in
917 1746 1088 1798 Sychaeus
1122 1744 1299 1798 priorem
1331 1746 1521 1798 syllabam
1549 1746 1730 1800 produci,
1766 1760 1862 1787 mox

217 1819 357 1854 autem
377 1824 416 1850 v.
437 1809 515 1860 348
538 1809 623 1863 post
643 1818 728 1849 tam
755 1822 901 1861 paucos
931 1809 1066 1848 versus
1105 1809 1278 1860 corripi;
1306 1818 1351 1848 ut
1383 1810 1538 1862 semper
1576 1810 1662 1849 aliis
1692 1810 1734 1849 in
1764 1810 1865 1850 locis

222 1875 451 1928 corripitur.
509 1875 681 1928 Sychaeus
700 1873 751 1912 ad
768 1872 1006 1925 scripturam
1026 1872 1204 1911 Medicei
1219 1872 1320 1911 Cod.
1337 1872 1586 1924 aliorumque
1600 1871 1863 1912 vetustiorum

215 1939 367 1995 feripfit
391 1937 533 1978 Heinfi
547 1952 615 1987 us;
645 1951 738 1978 cum
753 1946 870 1987 antea
889 1936 984 1985 efl'et
1012 1939 1202 1986 Sichaeus‚·
1231 1950 1352 1990 quam
1383 1937 1615 1991 scripturam
1645 1936 1866 1983 retinuerat

1789 2000 1860 2047 lib.

153 2568 159 2589 ,
213 2530 313 2597 sup.

285 2161 393 2211 337.
427 2146 688 2194 Venantum
708 2144 906 2202 habitus,
923 2162 1002 2193 co-

215 2209 421 2260 thurnus.
486 2211 576 2258 Res
597 2223 720 2265 nota,
754 2226 810 2257 ne
846 2226 871 2257 a
907 2210 1004 2258 sen-

215 2273 339 2328 tibus
353 2288 399 2322 et
414 2275 608 2323 filicibus
623 2275 887 2321 laederentur
903 2291 1003 2321 cru-

215 2354 287 2396 ra.
352 2339 518 2388 Versus
537 2355 594 2387 ex
616 2339 754 2387 Livio
773 2338 1005 2385 Androni-

215 2418 275 2452 co
305 2403 611 2458 adumbratus.
678 2406 763 2452 Sed
776 2407 878 2468 jam
900 2416 1006 2465 pur-

206 2474 473 2579 pure-agarus
505 2467 663 2518 include
685 2468 890 2518 cothurno.
932 2467 997 2525 cf,

378 2533 437 2580 cl.
463 2531 577 2586 VII,
614 2549 690 2596 32·

1086 2147 1134 2201 h,
1167 2162 1209 2207 e,-
1242 2146 1384 2194 solum
1429 2145 1487 2192 est
1530 2145 1688 2208 Libyae
1736 2159 1864 2207 pars3

1090 2211 1214 2271 (fines
1256 2210 1368 2274 saepe
1410 2226 1492 2274 pro
1525 2209 1620 2273 ipsa
1659 2210 1863 2273 regione,

1088 2275 1194 2321 vide
1211 2276 1278 2322 vel
1314 2274 1488 2335 Burm.)
1517 2271 1733 2336 fimulque
1749 2276 1865 2337 fines

1089 2355 1170 2402 pro
1190 2339 1370 2394 incoliS‚
1389 2336 1758 2399 Libybus‚dixit,
1781 2335 1862 2400 qui

1089 2417 1212 2449 erant
1233 2404 1422 2469 populus
1444 2402 1710 2458 indomitus,
1741 2401 1866 2465 asper

1089 2479 1134 2513 et
1182 2466 1326 2514 ferox.
1403 2466 1529 2514 Nam
1577 2467 1635 2512 ad
1673 2466 1860 2527 Libyes,

1078 2548 1170 2580 non
1192 2533 1250 2578 ad
1274 2531 1524 2587 Phoenices,
1556 2531 1643 2576 hoc
1664 2529 1856 2594 spefiat;

284 2613 342 2671 3·3
351 2600 394 2644 8.
430 2597 633 2662 Agenoris
647 2596 820 2653 urbem,·
855 2611 881 2642 a
897 2611 1000 2662 pro-
1071 2615 1203 2664 genus
1223 2594 1489 2642 intraffabile
1510 2594 1629 2648 bello,
1659 2593 1857 2649 indomi—

248 2676 348 2709 eme
361 2661 588 2725 Agenoris
598 2660 849 2715 conditam,
898 2676 1001 2706 uem

267 2740 485 2778 raecorum
524 2725 674 2788 mythi
713 2724 830 2786 (vid.
901 2724 999 2786 pol-

215 2788 310 2838 lod.
332 2789 401 2847 II,
430 2808 475 2846 1,
497 2805 546 2852 4.
582 2789 673 2847 III,
702 2806 745 2845 ι,
777 2789 822 2849 ι)
870 2786 999 2834 Phoe-

213 2853 372 2903 uicum
394 2855 698 2908 conditorem,
719 2869 776 2900 ex
793 2853 998 2915 AEgypto

211 2916 478 2972 oriundum,
509 2930 555 2966 et
595 2920 690 2982 ejus
710 2918 902 2982 posteros
924 2915 994 2963 Si-

213 2981 348 3034 donis
368 2998 492 3046 reges
514 2982 708 3038 faciunt,
740 2998 831 3028 non
855 2979 995 3042 Tyri,

213 3061 317 3157 ἕπευ
350 3047 494 3094 multo
531 3046 667 3094 serius
685 3060 730 3093 et
757 3044 913 3092 floruit
949 3056 995 3091 et

270 3109 394 3159 raecis
435 3109 654 3158 innotuit.
751 3107 999 3156 Sidonii—-

213 3173 358 3240 Uron
377 3173 518 3223 urbem
549 3187 646 3223 ante
665 3193 821 3228 annum
843 3172 928 3220 ‘Tro
940 3175 997 3220 'a-

244 3258 286 3286 ae
325 3238 457 3287 cladis
497 3239 776 3294 condiderunt,
832 3236 892 3299 Ju
929 3236 996 3284 in.

269 3300 412 3360 VIII,
446 3318 491 3364 3.
543 3301 662 3350 No1i
683 3303 836 3366 itaque
858 3300 996 3348 mira·

215 3366 278 3428 ri,
309 3366 543 3423 Sidonem,
559 3383 654 3441 npn
669 3367 871 3431 Tyrum,
894 3365 999 3412 Ho-

213 3446 343 3490 mero
364 3444 623 3483 memoran-

281 3509 392 3571 339,
438 3496 528 3545 Sed
544 3495 658 3558 fines
691 3495 841 3564 Libyci
877 3492 1000 3552 sunt,

1082 2673 1197 2715 tum,
1282 2662 1591 2717 ἀμαιμάκετον,
1670 2660 1854 2713 dam-ou,

1081 2722 1202 2770 Mox
1221 2728 1434 2787 imperium
1464 2730 1567 2787 regit
1597 2721 1858 2786 exquisitius

1082 2804 1216 2851 quam
1234 2798 1371 2844 tenet,
1391 2787 1539 2834 habet.

1147 2869 1253 2914 341.
1281 2869 1388 2914 342.
1443 2852 1499 2898 In
1548 2846 1676 2913 prosa
1719 2847 1852 2896 esset:

1076 2915 1214 2981 longa
1247 2917 1350 2963 effet
1387 2912 1612 2971 narrati03
1645 2910 1720 2958 sed
1758 2927 1856 2967 rem

1077 2979 1333 3027 summatim
1369 2994 1604 3050 exponam.
1701 2974 1853 3022 Etiam

1078 3043 1127 3091 in
1177 3042 1340 3091 taiibus
1373 3042 1598 3108 poeticam
1631 3038 1725 3086 vim
1771 3054 1854 3103 ag.-

1077 3109 1224 3157 nosce.
1270 3111 1461 3175 fastzgia
1482 3105 1582 3151 sunt
1600 3114 1747 3150 rerum
1779 3117 1854 3150 ca·.·

1072 3186 1192 3235 pua,
1212 3174 1383 3236 κοξυφαῖ
1412 3174 1556 3234 λόγων.
1626 3165 1761 3216 Pind.
1784 3165 1851 3216 Ο.

1079 3252 1261 3363 7531‘3..
1334 3276 1532 3349 Sichaeus
1614 3295 1852 3344 ditiffimus

1075 3363 1193 3411 inter
1227 3361 1461 3409 Phoenices
1501 3359 1619 3424 agris
1650 3359 1683 3409 s.
1715 3375 1849 3424 agro-

1077 3444 1176 3475 rum
1228 3426 1492 3492 poss‘effione.
1541 3424 1640 3473 vid.
1697 3424 1852 3478 Burm,
1895 3442 1911 3455 τ

1077 3495 1240 3558 mfirae'
1277 3490 1465 3549 dilefflus,
1523 3494 1579 3542 τῆ
1634 3487 1850 3556 σχετλίᾳ,

1770 3564 1854 3616 pro
