2372 4030
515 291 599 421 ga
753 341 1363 409 P.V1RG1L11
1450 348 1941 415 MA-Roms·

515 513 797 595 Triginta
825 536 1071 598 magnos
1101 518 1410 579 volvendis
1437 520 1732 610 mensibus
1761 522 1920 583 orbis

514 629 782 710 Imperio
808 631 1089 710 explebit,
1118 628 1490 712 regnumque
1515 634 1592 692 ab
1618 633 1749 694 sede
1766 633 1997 694 ‘Lavinl
2043 653 2166 716 270

515 749 871 824 Transferet‚
896 766 957 811 et
983 751 1228 831 longam
1256 751 1447 811 multa
1473 753 1535 812 vi
1571 754 1804 816 muniet
1828 755 2074 825 Albam.
2123 765 2131 776 ‘'

511 870 641 933 Hic
657 871 791 954 jam
816 886 905 931 ter
929 884 1169 931 centum
1191 883 1347 929 totos
1375 873 1725 953 regnabitur
1750 893 1935 934 annos

568 1064 664 1118 269.
692 1080 796 1116 annos
809 1062 997 1118 Longob.
1021 1061 1159 1112 Pierii,
1173 1062 1340 1103 sollenni
1360 1062 1481 1116 lapsu.
1521 1106 1528 1110 .
1595 1074 1687 1115 270.
1706 1065 1751 1104 ab
1763 1067 1803 1118 s:
1821 1064 1956 1111 Heins.
1972 1079 1994 1121 e
2009 1065 2160 1109 Medit-

513 1137 556 1169 ct
574 1129 626 1169 al.
646 1129 746 1169 adde
765 1129 890 1167 Rom·
906 1137 1050 1169 antea:
1077 1130 1147 1178 as.
1202 1129 1335 1180 Sprot.
1357 1138 1398 1168 et
1418 1128 1597 1167 Parrhas.
1620 1145 1644 1167 a
1658 1131 1740 1181 fide.
1758 1131 1898 1168 Latini.
1954 1131 2162 1171 Caeterum

512 1192 543 1233 fi
562 1196 756 1232 Lavinium
775 1193 892 1232 unice
909 1204 1052 1231 verum
1071 1191 1141 1238 est,
1171 1190 1221 1230 cf.
1246 1191 1332 1244 sup.
1368 1191 1419 1231 ad
1435 1206 1474 1231 v,
1504 1203 1543 1239 2,
1573 1192 1824 1232 scribendum
1852 1192 1918 1232 hic
1947 1202 1988 1233 et
2017 1207 2058 1233 v.
2078 1193 2178 1244 258-

512 1259 673 1298 LavinI.
789 1268 879 1307 271.
910 1273 1037 1310 magna
1056 1259 1097 1295 vi
1116 1255 1273 1295 Zulich.
1292 1264 1338 1296 ut
1357 1265 1397 1295 et
1417 1256 1525 1296 alibi.
1545 1270 1584 1296 v.
1608 1258 1751 1296 Burm.
1808 1260 1850 1296 vi
1867 1261 1975 1297 multa
1989 1259 2162 1299 Oudart·

510 1331 556 1363 et
569 1321 621 1362 fic
639 1322 708 1361 alii
721 1335 783 1375 ap.
805 1322 913 1361 Pier.
969 1324 1095 1361 muniet
1113 1321 1225 1371 urbem
1244 1320 1317 1377 sec.
1341 1320 1696 1376 Hamb.——272.
1726 1330 1885 1360 tercentos
1907 1322 2105 1362 Montalb.
2118 1333 2162 1379 ct

511 1376 619 1428 Ven.
672 1388 870 1438 trescentum
890 1385 1041 1439 fragm.
1072 1388 1223 1426 Moret.
1282 1385 1382 1435 Hinc
1401 1387 1510 1423 Serv.
1534 1393 1573 1424 et
1593 1387 1678 1424 MS.
1704 1385 1949 1433 Bcrsmanni,
1979 1400 2078 1439 quos
2100 1386 2160 1435 seq

512 1451 652 1503 quitur
673 1450 976 1504 Cuningamus3
1006 1459 1047 1490 et
1081 1449 1132 1488 fic
1161 1449 1314 1501 aliquot
1345 1448 1572 1497 Heinfiani3
1599 1451 1658 1488 hoc
1685 1449 1777 1488 duo.
1837 1450 1942 1489 Cum
1962 1452 2160 1503 regnabitur

510 1513 691 1554 absolute
710 1514 866 1553 dicium
886 1513 948 1562 fit,
974 1522 1063 1553 tum
1083 1521 1219 1551 autem
1250 1526 1297 1551 ex
1326 1525 1439 1551 more
1472 1512 1687 1552 dicendum
1719 1512 1828 1561 estet,
1847 1517 1944 1567 genti
1971 1515 2162 1555 HebJoreae

508 1576 554 1616 h.
588 1591 623 1617 e.
659 1577 708 1616 ab
730 1593 772 1629 g.
804 1578 861 1615 H.
889 1577 1160 1623 Burmannus,
1189 1575 1267 1613 Vir
1298 1574 1523 1614 latinisfime
1549 1575 1702 1624 ἀοὸὶιιε,
1731 1577 1946 1616 emendat:
1979 1577 2075 1616 Haec
2093 1578 2150 1620 sc.

509 1640 620 1681 Alba
649 1638 897 1691 regnabitur.
957 1637 1102 1683 Nescio
1136 1646 1288 1684 tamen,
1317 1650 1451 1676 annon
1481 1636 1645 1689 vulgata
1677 1638 1728 1678 ad
1762 1640 1937 1678 eundem
1967 1638 2159 1692 loquendi

506 1704 677 1745 modum
697 1703 885 1742 accedat:
915 1711 1079 1755 regnatur
1108 1700 1163 1740 est
1199 1713 1372 1753 regnum
1394 1710 1569 1747 tenetur,
1597 1701 1783 1749 habetur,
1796 1704 1867 1754 fib
1889 1711 1989 1755 gente
2023 1704 2081 1742 H.
2111 1713 2159 1744 ut

505 1766 677 1808 Homeri
694 1766 774 1813 ὑπὸ,
793 1779 885 1804 curn
900 1760 1111 1804 'notatione
1130 1763 1307 1817 obsequii
1325 1772 1394 1804 aut
1414 1763 1589 1818 imperii,
1617 1764 1725 1818 quod
1743 1765 1896 1819 patitur
1913 1765 2012 1820 quis.
2059 1767 2161 1825 qu

506 1839 644 1886 tamen
663 1829 885 1884 expeditior
906 1829 960 1870 est
979 1828 1116 1879 lectio.

502 1981 587 2031 sub
626 1981 821 2047 regibus.
887 1980 976 2028 Sed
1011 1997 1058 2029 v.
1099 1978 1288 2028 Excurs.

505 2049 566 2095 ad
583 2048 631 2095 h.
650 2066 697 2095 v.

573 2117 793 2176 269—27
807 2129 846 2159 1.
883 2109 1137 2173 Trigefimo
1160 2110 1288 2174 regni

504 2194 625 2224 anno
675 2175 894 2223 Ascanius
951 2175 1119 2221 Albam
1164 2175 1287 2220 Lon-

501 2258 609 2306 gam
628 2240 893 2294 condidiffe,
914 2239 1147 2300 sedemque
1157 2240 1286 2301 regni

501 2323 531 2354 a
579 2305 774 2352 Lavinio
819 2305 869 2352 in
919 2320 1083 2351 novam
1102 2304 1284 2351 ..urbem

500 2369 762 2418 'transtulisse
801 2367 1009 2415 traditur.
1078 2367 1219 2432 Qod
1254 2368 1285 2414 fi

500 2436 541 2484 is
574 2434 816 2482 verborum
852 2431 998 2478 sensus
1032 2433 1114 2478 effe
1135 2431 1286 2487 debet,

499 2499 686 2563 antique
719 2500 894 2545 locutus
927 2497 985 2543 est
1006 2502 1145 2560 poeta
1167 2512 1282 2559 pro:

497 2562 723 2612 Ascanius
755 2561 910 2608 XXX
933 2577 1068 2607 annos
1091 2560 1285 2623 imperio

495 2626 716 2693 explebit,
748 2646 838 2674 cum
872 2641 1062 2688 regnum
1099 2625 1284 2672 transfe-

495 2690 581 2742 ret.
649 2691 698 2739 Si
732 2705 881 2739 tamen
917 2690 975 2736 ad
994 2697 1279 2737 communem

491 2757 718 2806 rationem
760 2753 1103 2819 grammaticam
1145 2754 1281 2801 verba

494 2820 709 2886 accipias,
763 2819 882 2867 nihil
923 2818 1082 2865 definit
1122 2823 1281 2883 poeta,

491 2888 570 2936 sed
626 2885 872 2935 Ascanium
934 2883 1091 2930 XXX
1144 2899 1281 2930 annos

491 2954 577 3000 effe
629 2962 936 3016 regnaturum,
989 2959 1036 2995 et
1088 2947 1138 2994 in
1187 2947 1278 2995 hoc

490 3017 623 3082 regni
674 3028 876 3080 tempore
917 3011 1074 3061 urbem
1114 3028 1278 3060 novam

486 3081 784 3129 conditurum
817 3078 899 3126 ait.
968 3076 1096 3125 Prius
1128 3087 1278 3123 tamen

489 3145 609 3194 illud
662 3161 768 3193 cum
819 3147 969 3208 poetae
1024 3139 1277 3188 rationibus

490 3209 733 3258 convenit:
768 3208 830 3257 cf.
871 3206 960 3255 inf.
1015 3205 1158 3260 VIII,
1190 3219 1275 3268 42,

486 3292 571 3339 47,
605 3277 686 3338 48.
750 3273 882 3326 orbes,
906 3279 1272 3336 annos,ssmagnos,

485 3339 668 3402 longos,
710 3349 761 3386 ut
801 3335 933 3391 alibi,
972 3335 1176 3400 epitheto
1213 3350 1273 3382 ex

484 3415 646 3452 natura
683 3400 789 3448 anni
822 3402 1080 3465 depromto,
1117 3411 1272 3463 quate-

485 3483 571 3514 nus
590 3465 788 3530 plurium
810 3464 1027 3512 mensium
1049 3462 1189 3528 spatia
1222 3462 1272 3510 in

482 3530 546 3581 ser
564 3528 926 3593 comprehendit.
1014 3527 1274 3592 Argutatur

439 3588 450 3604 ’“
483 3592 701 3650 Macrob.
722 3592 774 3643 in
792 3593 949 3646 Somn.
970 3591 1186 3658 scip—11,
1213 3609 1231 3643 1
1246 3610 1292 3644 1·

1371 1992 1416 2027 et
1440 1981 1564 2028 Serv.
1589 1998 1693 2028 cum
1714 1980 1816 2028 aliis
1839 1981 2159 2047 interpretibus

1369 2045 1418 2092 in
1440 2046 1488 2091 h.
1510 2064 1553 2093 v.
1589 2046 1642 2092 In
1669 2046 1767 2093 Ecl.
1799 2046 1891 2100 IV,
1933 2063 1987 2096 12
2013 2055 2162 2112 magni

1367 2115 1516 2172 menses
1553 2109 1646 2156 vim
1680 2110 1843 2158 habere
1882 2113 2057 2175 possunt
2095 2126 2154 2159 ex

1364 2173 1536 2237 reliqua
1614 2174 1832 2222 oratione.
1920 2175 2150 2224 volvendis

1366 2239 1581 2300 mensibus,
1637 2237 1716 2303 qui
1750 2240 1994 2287 volvuntur
2048 2241 2150 2287 vol-

1365 2316 1474 2349 vunt
1526 2302 1585 2350 se.
1690 2312 1842 2350 muniet
1889 2303 2153 2367 exquifitius

1363 2382 1499 2427 quam
1522 2371 1714 2430 exstruet.
1783 2368 1917 2415 multa
1930 2374 2002 2425 vi,
2024 2385 2150 2435 mag-

1363 2430 1433 2476 nis
1476 2432 1654 2496 opibus,
1694 2449 1861 2496 magno
1912 2433 2151 2483 hominurn

1361 2510 1599 2559 rerumque
1633 2511 1873 2561 apparatu3
1907 2509 1954 2544 at
1991 2498 2149 2547 Burm-

1363 2561 1597 2607 contendit
1617 2562 1717 2617 effe,
1751 2579 1918 2625 magno
1954 2562 2149 2629 impetu.

1361 2622 1503 2672 animi
1525 2626 1701 2682 ardore,
1735 2626 1901 2675 studio.

1429 2705 1538 2754 272.
1591 2691 1676 2738 Per
1718 2690 1850 2737 CCC
1897 2708 2036 2739 annos
2078 2708 2148 2740 re-

1360 2768 1437 2816 ges
1493 2771 1519 2801 e
1579 2754 1781 2818 Trojana
1829 2755 1963 2821 stirpe
2014 2756 2150 2804 Albae

1361 2817 1536 2882 Longae
1568 2820 1653 2867 effe
1686 2834 1949 2884 regnaturos
1982 2821 2048 2868 ait
2085 2822 2146 2870 ad

1361 2882 1610 2930 Romulum
1634 2883 1784 2948 usque.
1850 2885 1924 2933 De
1956 2885 2147 2934 rationi-

1359 2946 1442 2994 bus
1473 2947 1697 2995 historicis
1717 2949 1829 2996 olim
1863 2949 1912 2997 in
1934 2949 2142 3000 Excursu

1356 3009 1430 3057 III
1453 3013 1511 3059 ad
1543 3012 1627 3062 lib.
1668 3012 1787 3067 XII,
1828 3017 1914 3080 189
1942 3014 2144 3080 disputa-

1354 3074 1496 3139 bitur.
1565 3080 1676 3125 Gens
1708 3079 1914 3126 Heei'orea
1932 3081 1993 3127 'est
2018 3080 2142 3127 Tro-

1347 3141 1456 3202 jana
1478 3141 1622 3206 fimpl.
1658 3153 1708 3189 ut
1731 3141 1796 3196 V,
1838 3160 1928 3207 190
1948 3146 2147 3194 Heezorei
2160 3155 2163 3159 ’

1335 3209 1458 3266 socii.
1522 3206 1583 3253 fic
1636 3219 1683 3253 et
1734 3207 1846 3254 alii:
1883 3225 1928 3257 v.
1982 3208 2141 3259 Burm.

1353 3269 1427 3317 Ex
1471 3269 1674 3334 Trojana
1718 3270 1871 3320 saltem
1919 3272 2070 3338 stirpe,
2103 3274 2140 3323 fi

1355 3333 1472 3381 forte
1494 3351 1586 3382 non
1609 3352 1762 3383 ornnes
1778 3353 1836 3384 ex
1859 3337 2014 3385 AEneae
2032 3354 2139 3402 pro-

1333 3398 1494 3463 ·sapia,
1529 3400 1715 3447 oriundi
1757 3400 1950 3450 fu'erunt
1980 3405 2142 3472 reges,

1351 3464 1432 3527 qui
1469 3463 1603 3511 Albae
1637 3465 1811 3530 Longae
1843 3465 2141 3530 imperarunt,

1349 3528 1558 3592 quamvis
1592 3528 1672 3585 illa
1692 3546 1786 3579 non
1805 3531 1946 3595 modo
1968 3529 2139 3594 'Pi-oja-

1350 3608 1434 3644 nos
1466 3592 1545 3643 sed
1580 3593 1721 3646 etiam
1752 3593 1943 3645 Latinos
1963 3594 2156 3644 Abori-³

2007 3673 2140 3728 gmon
