2294 4030
644 299 794 361 AD
857 298 1330 365 LIBRUM
1396 307 1483 369 ΙΙ.
1732 329 1841 391 27¹

212 468 287 520 ¹i'ri
306 467 403 532 τῇξῖ
433 470 511 515 τόν
530 467 890 530 καταλειφθέντων
907 470 983 519 ὖπδ
1005 477 1077 518 τοῦ
1100 471 1301 534 Ὀμῆξονε
1334 488 1436 536 quae
1461 473 1563 523 sunt
1599 473 1854 527 Posthome-

228 540 331 589 rim
360 540 585 589 rhetorice
617 541 843 606 expofita3
886 542 1008 591 edita
1044 543 1093 592 in
1114 544 1277 592 Allatii
1303 545 1521 610 Excerptis
1552 558 1690 598 variis
1737 551 1852 611 (Ro.

236 616 393 679 1641‚·
413 618 460 677 8)
493 632 540 680 p.
565 630 675 678 239.
732 614 940 664 Melioris
977 630 1095 665 notae
1134 619 1193 665 est
1227 618 1525 682 fragmentum
1561 627 1639 671 τῶν
1670 628 1853 686 Τςωῖκιῖῖν

227 702 287 737 ex
307 687 430 738 Cod.
452 688 629 736 XXIV
645 689 916 739 Bibliothecae
940 691 1187 756 Uffimbach.
1210 690 1261 739 P.
1279 692 1344 749 Il,
1367 710 1413 756 p.
1433 694 1463 740 6
1467 712 1491 759 5
1502 697 1704 759 ς-686,
1727 699 1852 761 quod

224 761 582 811 ‘Antehomerica
616 763 931 829 complectitur
961 767 1190 831 multaque
1233 766 1369 815 habet
1402 785 1501 833 quae
1535 786 1640 817 cum
1675 770 1852 820 Tzetza

199 836 514 889 aconveniunt.

290 907 433 958 Fuere
473 910 611 959 etiam
651 910 765 958 olim
806 913 973 974 Τςωὶκοὶ
1016 913 1268 978 Palaephato
1311 915 1501 972 tributa,
1543 917 1619 965 sed
1654 918 1849 981 junioris

224 980 550 1041 Grammadci,
590 985 784 1049 ejusdem
822 986 941 1035 forte
972 989 1187 1055 nominis,
1229 989 1378 1039 foetus.
1402 1009 1445 1038 v.
1469 991 1630 1038 Suidas
1649 992 1696 1040 h.
1731 1010 1777 1040 v.
1800 1005 1847 1042 et

223 1055 351 1108 Voss.
387 1059 455 1108 Η.
480 1061 570 1108 Gr.
600 1059 674 1107 ΙΙΙ
696 1060 743 1108 h.
765 1078 810 1109 v.
877 1062 950 1109 Ex
983 1062 1041 1109 iis
1082 1059 1365 1126 depromtum
1386 1066 1468 1113 effe
1487 1066 1687 1122 videtur,
1722 1069 1845 1130 quod

220 1131 427 1182 Servium
447 1136 631 1182 laudare
653 1134 789 1183 video
812 1136 870 1183 ad
892 1136 975 1185 lib.
998 1136 1089 1193 ΙΙΙ,
1125 1143 1190 1186 8‘
1196 1139 1435 1203 ‘quamvis
1458 1140 1735 1205 Palaephatus
1756 1153 1847 1188 tra-

211 1209 319 1264 ‘,dat
359 1221 495 1274 capto
528 1208 619 1256 Ilio
648 1208 838 1257 AEneam
881 1212 975 1274 post
1010 1201 1255 1262 triennium
1286 1215 1557 1277 navigasses
1618 1216 1747 1263 Idem
1785 1217 1845 1264 de

198 1283 348 1333 -fAnio
369 1299 475 1349 rege
492 1293 539 1330 et
570 1281 798 1331 sacerdote
817 1296 988 1348 egerat,
1009 1302 1055 1332 v.
1075 1285 1264 1334 eundem
1286 1288 1346 1335 ad
1363 1290 1453 1347 ΙΙΙ,
1471 1293 1552 1346 80,
1584 1291 1759 1338 scilicet
1780 1291 1844 1338 se-

215 1361 417 1412 cundum
437 1359 727 1425 antiquiores,
750 1375 861 1422 quos
881 1357 1188 1422 exscripserat.
1235 1364 1313 1410 Ad
1335 1381 1437 1411 eum
1458 1365 1592 1426 Joan.
1659 1365 1843 1414 Malalae

212 1436 395 1498 quoque
425 1436 576 1483 locum
606 1434 748 1484 refero
770 1435 1028 1496 Chronogr.
1060 1450 1106 1497 p.
1136 1452 1241 1484 101.
1307 1439 1480 1486 Troica
1503 1440 1686 1488 Abantis
1719 1442 1841 1504 apud

211 1507 422 1558 Servium
437 1511 495 1557 ad
514 1509 621 1559 AEn.
645 1510 739 1566 IX,
764 1513 858 1570 264
879 1519 1123 1555 memorata
1135 1509 1285 1559 video.
1352 1514 1423 1560 Ex
1443 1514 1511 1560 hls
1528 1531 1578 1561 ac
1601 1514 1837 1572 similibus,

150 1607 153 1613 ·
211 1584 295 1646 qui
329 1597 513 1640 veteres,
553 1601 663 1649 quas
707 1584 961 1636 narrabant,
1004 1583 1206 1630 historias
1246 1584 1374 1633 fimul
1416 1587 1839 1651 interpretabantur,

210 1655 381 1705 fluxisse
404 1658 615 1706 videntur
634 1657 823 1705 absurda
843 1667 1112 1711 commenta,
1129 1657 1291 1720 quibus
1314 1661 1619 1708 contaminata
1638 1663 1697 1708 est
1716 1663 1838 1711 Tro..

204 1729 308 1790 jani
327 1732 499 1780 excidii
522 1732 727 1780 Historia
753 1732 801 1778 in
822 1729 1018 1785 Malala,
1043 1731 1240 1785 Cedreno,
1265 1731 1379 1779 forte
1400 1745 1444 1781 et
1466 1734 1566 1781 aliis
1589 1734 1831 1794 Graeculis,

210 1804 295 1867 qui
315 1821 371 1853 ex
393 1807 662 1855 telesmatica
682 1807 796 1853 adeo
833 1816 878 1852 et
895 1804 1131 1867 astrologia
1152 1807 1290 1852 multa
1313 1807 1511 1856 intexere
1548 1810 1638 1856 aufi
1661 1811 1761 1858 sunt
1783 1831 1830 1860 v.

190 1895 252 1925 e.
276 1880 333 1928 de
370 1880 592 1938 Palladio,
630 1887 736 1937 ὅσα,
769 1881 859 1928 alia
891 1892 1041 1927 autem
1069 1871 1309 1944 allegorice
1345 1899 1584 1947 exponere,
1614 1897 1662 1932 ut
1698 1886 1835 1950 ipfius

122 1953 125 1955 ’
206 1951 390 2013 Tzetzae
419 1957 647 2022 allegoriae
668 1955 928 2003 Homericae
947 1953 996 2000 in
1027 1954 1318 2002 bibliothecis
1347 1956 1607 2016 servantur;
1641 1977 1831 2022 quarum

203 2027 381 2076 fimilia.
408 2031 550 2078 multa
587 2031 636 2078 in
658 2029 947 2077 Chiliadibus
967 2028 1187 2092 apposuit.
1254 2032 1365 2078 Non
1387 2047 1441 2077 eo
1462 2030 1599 2094 usque
1633 2034 1832 2082 audacia:

118 2138 124 2143 -
203 2103 306 2153 sunt
320 2108 527 2171 progessi,
549 2107 624 2154 sed
646 2107 765 2154 intra
788 2104 966 2168 Distyis
985 2105 1078 2151 fere
1098 2117 1142 2151 et
1159 2105 1339 2152 Daretis
1358 2120 1611 2153 commenta
1630 2109 1829 2160 substite-

114 2183 119 2186 ’
200 2191 310 2226 runt
328 2181 563 2245 scriptores
578 2180 813 2229 deterioris
830 2180 914 2227 aevi
935 2179 1085 2235 latini,
1119 2192 1170 2226 ut
1191 2182 1443 2236 Elinandus,
1464 2193 1510 2228 et
1529 2183 1608 2244 qui
1630 2200 1731 2230 eum
1749 2202 1831 2232 ex..

201 2254 379 2321 cerpfit,
403 2256 592 2306 Vincent.
618 2255 780 2311 Bella-v,
822 2253 999 2317 Specul.
1025 2253 1197 2301 Histor.
1220 2254 1302 2301 lib.
1337 2254 1426 2310 III,
1451 2257 1530 2310 62,
1564 2255 1673 2303 item
1697 2260 1831 2308 Guido

197 2327 250 2376 de
272 2327 477 2385 Columna
505 2329 554 2376 in
579 2327 782 2380 Historia
803 2326 1006 2390 Trojana
1025 2327 1147 2373 circa
1174 2333 1291 2392 1287
1323 2327 1487 2391 scripta
1509 2339 1553 2376 et
1576 2346 1694 2396 1477
1728 2334 1828 2381 edi-

198 2411 277 2457 ἵεις
310 2419 408 2466 quae
429 2403 462 2450 fi
484 2402 584 2473 quis
604 2418 697 2451 non
717 2400 992 2455 meminerit,
1023 2401 1144 2448 unde
1165 2400 1299 2447 dufia
1315 2401 1434 2458 sunt,
1454 2418 1543 2448 non
1559 2420 1715 2466 parum
1735 2407 1828 2454 hae-

201 2487 315 2530 reat,
336 2476 370 2524 fi
392 2488 462 2524 tot
474 2476 695 2524 inauditas
716 2492 783 2523 res
803 2474 974 2522 narrari
992 2474 1157 2522 videat.

262 2551 466 2601 Romanos
496 2550 655 2613 pok'tas‚
686 2549 1005 2613 antiquissimos
1026 2548 1229 2611 quidem,
1262 2546 1378 2595 nihil
1408 2547 1531 2595 aliud
1552 2550 1643 2596 fere
1674 2550 1828 2613 egisse,

124 2653 127 2654 ν
197 2640 335 2690 quam
367 2634 418 2673 ut
455 2623 622 2672 Graeca
658 2623 798 2670 latine
831 2631 1161 2677 converterent,
1184 2621 1240 2667 ab
1262 2621 1332 2667 his
1352 2633 1499 2668 autem
1524 2634 1649 2670 aetate
1669 2626 1824 2686 proxi-

195 2714 312 2755 mos,
333 2709 380 2747 et
400 2698 586 2746 omnino
610 2696 1002 2762 praestantiffimum
1037 2711 1259 2759 quemque
1274 2700 1476 2759 po‘etam,
1503 2695 1665 2744 Graeca
1687 2697 1823 2746 latine

194 2772 452 2836 expreffiffe,
475 2771 668 2821 Graeciae
686 2772 816 2818 flores
837 2770 886 2817 in
902 2769 1120 2817 viridaria
1143 2768 1349 2816 Romana
1365 2769 1618 2816 transtulisse
1647 2782 1697 2816 -et
1722 2787 1821 2818 om-

193 2845 305 2894 nino
323 2863 381 2895 ex
410 2846 586 2896 Graecis
625 2844 855 2919 proseciffe
875 2843 1026 2899 unice,
1047 2843 1105 2890 ad
1127 2859 1370 2907 eorumque
1387 2844 1637 2906 exemplum
1673 2845 1821 2907 poeti-

191 2918 299 2984 ὄψῃ
316 2920 517 2985 aliquem
531 2915 795 2975 sermonem,
815 2918 895 2983 qui
915 2934 941 2965 a
962 2917 1150 2982 pedestri
1186 2916 1388 2964 oratione
1420 2917 1551 2979 plane
1582 2917 1820 2981 discrepat,

191 2985 502 3053 conformasse,
525 2994 575 3042 in
597 2994 792 3042 confesso
822 2992 898 3052 est.
975 2994 1154 3049 Ennius,
1185 2992 1266 3055 qui
1303 2990 1461 3038 Iliadis
1499 2990 1614 3038 rivos
1641 2991 1689 3038 in
1720 2994 1820 3039 An-

167 3126 170 3130 ·
190 3068 314 3130 nales
333 3069 433 3120 suos
450 3056 728 3126 traduxerat,
722 3067 1018 3135 Tragoedias
1037 3068 1182 3132 plures
1202 3066 1340 3113 latine
1360 3075 1669 3112 converterat.
1691 3077 1736 3112 et
1758 3066 1819 3113 fic

191 3128 386 3211 Tragici
408 3163 460 3195 ac
476 3132 662 3194 Comici
683 3130 850 3206 veteres
874 3144 966 3191 fere
985 3160 1140 3192 omnes
1158 3142 1415 3194 faciendum
1433 3140 1514 3188 fibi
1535 3153 1817 3204 putaverant.

192 3216 284 3281 Sed
304 3220 362 3266 de
379 3219 469 3267 hoc
490 3237 611 3268 nunc
632 3235 725 3267 non
747 3219 931 3284 agitur;
961 3234 1115 3266 verum
1148 3217 1336 3265 Iliadem
1360 3214 1556 3261 Homeri
1589 3216 1819 3262 transtule-

186 3305 258 3342 rat
280 3295 365 3342 Cn.
387 3293 589 3351 Mattius,
609 3304 654 3340 et
676 3290 836 3358 Cypria
867 3299 1056 3341 carmina
1088 3290 1208 3339 infra
1239 3288 1492 3337 videbimus
1514 3304 1540 3334 a
1562 3289 1722 3336 Naevio
1751 3289 1819 3336 la-

100 3368 103 3370 *
185 3360 282 3417 t'ine
303 3367 441 3423 fasta,
475 3378 539 3424 et,
578 3368 610 3415 fi
632 3365 743 3426 alii
728 3377 846 3414 mter
865 3367 1096 3414 Romanos
1118 3375 1438 3416 memorantur,
1477 3362 1558 3426 qui
1579 3377 1817 3427 argumen-

142 3446 286 3500 tum
303 3440 412 3500 belli
432 3440 480 3487 T
481 3456 626 3506 rojam
648 3441 910 3499 uastarunt,
934 3450 985 3489 ut
1005 3440 1162 3490 Macer
1190 3435 1558 3492 Antehomerica,
1586 3434 1814 3560 νὶΙΟᾸίἀ.

319 3542 321 3544 -
1751 3522 1794 3555 m
