2294 4030
562 281 737 352 ,ΑΒ
800 283 1244 355 LIBRUM
1308 289 1361 349 Ι.
1677 302 1808 385 157

593 450 1387 523 EXCURSUSXIXr

790 543 1204 622 DeMemnone‚

172 692 189 717 ¹⁰·
227 684 284 749 εἶ,
303 690 417 755 2489.
451 684 636 757 ansque
667 698 774 740 acies
807 681 855 740 et'
880 699 999 758 nigri
1017 692 1251 742 Memnonis
1270 712 1397 741 arma
1413 709 1430 740 .·
1463 693 1724 744 Memnonis
1749 694 1808 756 ad
1852 669 1854 672 >

172 761 371 828 'I'rojam
394 765 630 821 adventus,
671 776 718 812 et
751 781 905 829 pugna
938 782 1044 813 cum
1082 766 1263 818 Achille
1293 784 1344 814 ac
1380 767 1540 823 caedes,
1579 768 1702 817 inter
1742 788 1811 827 res

173 836 340 898 {liacas
357 840 452 903 post
478 838 676 887 ‘Iliadem
709 839 883 887 celebre
915 852 1250 904 argumentum,
1288 842 1412 905 quod
1446 841 1647 906 inprimis
1679 843 1813 895 nobi.-

99 951 114 962 „
169 911 324 975 litavit
344 915 546 961 ArHinus
567 912 774 975 Milefius,
809 911 935 976 cujus
955 915 1162 979 AEthiopis
1180 915 1310 962 libris
1333 915 1380 962 V
1402 915 1512 962 olim
1534 915 1625 962 fuit
1640 916 1813 969 lectita,

173 997 255 1034 ta:
294 986 406 1049 Ejus
424 998 739 1052 argumentum
773 1003 800 1033 a
824 986 985 1035 Proclo
1008 988 1228 1036 servatum
1267 1005 1292 1036 e
1325 990 1429 1044 cod,
1467 988 1619 1037 Varie.
1654 989 1812 1036 datum

170 1058 268 1112 vid.
290 1059 339 1108 in
357 1052 580 1120 Biblioth,
601 1060 763 1125 philol.
788 1077 920 1118 nova,
986 1063 1106 1111 unde
1130 1063 1371 1127 intelliges,
1388 1080 1568 1121 carmen
1601 1064 1717 1111 illud
1738 1064 1811 1111 in-

168 1131 305 1194 itium
326 1134 486 1198 cepisse
506 1135 564 1183 ab
587 1134 872 1182 Penthefileae
895 1138 1062 1183 acceffu
1096 1137 1153 1183 ad
1177 1137 1352 1193 urbem,
1390 1149 1521 1200 atque
1545 1138 1680 1184 etiam
1717 1137 1813 1200 post

168 1205 439 1255 Memnonis
473 1221 666 1265 mortem
690 1209 978 1272 complexum
1014 1210 1096 1256 effe
1120 1209 1317 1257 Achillis
1338 1222 1557 1267 extrema,
1579 1210 1709 1257 ludos
1740 1209 1812 1256 fu-

163 1281 329 1342 ‚pebres
349 1281 393 1329 ei
413 1281 859 1345 factosvetjudicium
893 1299 1119 1331 armorum
1153 1283 1270 1331 inter
1303 1284 1503 1347 Ulyfl'em
1537 1295 1582 1331 et
1604 1286 1813 1346 Ajacem,

170 1355 314 1419 3Nihi1
336 1356 490 1421 itaque
510 1356 697 1411 mirum,
721 1357 846 1419 quod
871 1357 1025 1406 Schol.
1050 1358 1232 1405 Pindar.
1258 1357 1301 1414 I,
1324 1376 1373 1420 4,
1397 1361 1454 1423 58
1491 1358 1650 1421 AJacis
1683 1363 1814 1406 αὐτο-
1868 1396 1872 1401 .

170 1432 343 1494 χειςιάν
363 1446 421 1478 ex
438 1431 522 1479 illo
545 1430 744 1478 carmine
767 1430 915 1478 docet.
985 1431 1137 1478 Etiam
1155 1432 1202 1479 in
1227 1432 1405 1479 Tabula
1428 1431 1566 1478 Iliaca
1583 1449 1610 1478 a
1629 1430 1665 1478 F
1665 1433 1831 1482 abretae

167 1496 220 1564 ἑο
248 1503 374 1551 edita
410 1503 609 1552 Afflmvrls
640 1505 760 1552 κατ-οὶ
789 1506 994 1568 Ἀςκτΐνον
1016 1507 1082 1554 τὸν
1104 1508 1302 1557 Μιλήσιον
1321 1505 1561 1569 adscripta,
1581 1517 1814 1570 tamquam

119 1621 122 1627 Δ
166 1594 226 1635 ex
243 1593 333 1642 qua
355 1594 503 1626 rerum
525 1580 820 1642 expressarum
847 1597 947 1642 pars
968 1581 1109 1644 petita
1138 1581 1206 1630 fit.
1275 1580 1514 1627 Arffinum
1537 1580 1592 1626 ad
1618 1580 1812 1644 Olymp,

167 1653 246 1716 JX
272 1653 460 1715 Suidas,
483 1654 538 1700 ad
564 1653 636 1699 IV
657 1653 794 1706 refert
829 1653 1047 1702 Eusebius
1092 1654 1371 1717 Hieronymi
1410 1652 1692 1709 MCCLIV,
1727 1653 1812 1701 ubi

167 1744 216 1778 v.
242 1729 429 1776 Pontac.
469 1729 639 1793 Scalig.
665 1729 858 1778 Vallars.
895 1730 1005 1778 item
1043 1730 1228 1779 Salmas.
1264 1731 1321 1777 ad
1344 1731 1488 1779 Solin.
1509 1748 1555 1793 p.
1582 1746 1691 1795 599.
1717 1731 1815 1779 600

168 1803 328 1867 Ryck.
352 1804 410 1852 de
430 1804 565 1868 prim.
585 1803 688 1853 Ital.
718 1806 867 1853 colon.
887 1823 932 1869 p.
957 1823 1069 1869 440.
1137 1805 1302 1853 Eidem
1324 1807 1430 1853 Ἰλίε
1453 1810 1602 1868 Πέςσ-ις
1623 1805 1814 1862 tributa,

166 1876 226 1924 de
244 1894 335 1940 qua
357 1894 402 1939 v,
437 1877 625 1924 Excurs.
664 1877 690 1923 I
729 1879 786 1925 ad
831 1877 913 1926 lib.
951 1880 999 1927 II
1041 1896 1110 1944 pr.
1180 1881 1438 1927 Secundum
1473 1892 1657 1936 veteres,
1698 1896 1814 1942 quos

96 1967 98 1969 ’
167 1951 412 2009 amisimus,
449 1951 536 1998 late
570 1951 838 2012 describitur
873 1953 1134 2001 Memnonis
1168 1953 1312 2001 fatum
1345 1972 1370 2001 a
1405 1952 1582 2019 Qinto
1618 1952 1815 2017 Paralip,

165 2022 253 2086 iib.
276 2022 325 2070 II
346 2035 392 2086 et
426 2023 567 2087 Disty
588 2023 682 2080 IV,
715 2025 879 2087 4.‹VI,
933 2043 1007 2074 10.
1077 2027 1243 2074 Multis
1275 2027 1413 2073 etiam
1448 2026 1557 2072 olim
1579 2026 1815 2091 tragoediis

93 2152 99 2156 μ
163 2096 260 2160 fuit
295 2097 541 2144 celebratus
573 2097 818 2158 Memnon,
848 2099 1054 2162 AEschyli
1089 2100 1296 2164 inprimis
1329 2114 1373 2147 et
1399 2101 1655 2165 Sophoclis,
1687 2102 1816 2164 cujus

165 2169 368 2235 ,Αἰθίοπες
411 2171 612 2233 ejusdem
646 2174 901 2236 argumenti
937 2173 1065 2221 fuiffe
1109 2175 1337 2231 videntur,
1376 2186 1440 2229 et,
1484 2173 1609 2237 quod
1649 2173 1814 2237 proba-

168 2244 261 2298 bile
291 2247 362 2303 fit,
387 2262 475 2293 una
489 2247 737 2311 eademque
759 2264 864 2295 cum
883 2249 1105 2296 Memnone
1127 2250 1297 2297 fabula.
1363 2248 1656 2295 Memnonem
1676 2248 1815 2296 etiam

167 2318 402 2383 Homerus
423 2319 516 2384 ipse
531 2321 799 2368 memoravit
822 2322 982 2385 Odyff.
1017 2323 1057 2378 δ,
1094 2326 1199 2372 188.
1227 2336 1274 2379 λ,
1299 2338 1385 2387 521
1427 2333 1472 2368 et
1494 2320 1677 2384 quidem
1699 2332 1816 2368 tam-

166 2409 304 2458 quam
337 2394 690 2458 pulcherrimum
707 2395 934 2458 juvenem.
1004 2396 1231 2460 Virgilius
1252 2388 1400 2443 tamen
1418 2404 1583 2460 nzgrum
1605 2394 1816 2458 appellat.

169 2465 355 2532 Scilicet
379 2466 576 2514 Tithoni
607 2479 654 2515 et
694 2469 889 2516 Aurorae
931 2469 1049 2516 filius
1089 2469 1227 2516 Indos
1250 2482 1294 2515 et
1327 2468 1564 2532 AEthiopes
1585 2466 1817 2513 adduxiffe

167 2539 333 2603 fertur,
356 2553 406 2587 ut
441 2541 488 2586 T
491 2557 668 2605 rojanos
702 2558 834 2605 opem
870 2542 1020 2598 ferret.
1088 2542 1342 2589 Obscurior
1374 2543 1434 2588 est
1456 2541 1624 2596 fabula,
1646 2553 1691 2586 et
1716 2557 1817 2603 quae

170 2612 312 2662 modo
329 2614 388 2660 ad
410 2614 664 2678 AEgyptum
687 2614 977 2678 superiorem,
1003 2615 1141 2663 modo
1164 2616 1223 2661 ad
1239 2615 1521 2678 Assyriorum
1537 2613 1650 2660 adeo
1672 2613 1814 2677 origi-

170 2703 249 2751 nes
268 2700 522 2736 revocetur.
590 2688 715 2736 Vide
738 2706 763 2735 a
787 2689 1019 2738 Pocockio
1043 2690 1245 2753 congesta
1267 2690 1324 2736 ad
1355 2687 1615 2736 Memnonis
1637 2686 1812 2750 signum

167 2761 478 2825 illustrandum
500 2762 549 2808 in
580 2761 721 2809 ruinis
756 2761 1021 2811 Thebarum
1056 2763 1291 2825 (Dqscript.
1316 2767 1371 2825 os
1378 2762 1446 2808 the
1467 2762 1568 2823 East
1605 2759 1745 2806 Tom.
1767 2758 1812 2816 I,

130 2877 133 2882 ,
169 2847 330 2900 p.‘101
360 2835 456 2899 sqq.
473 2847 519 2883 et
543 2835 591 2882 in
613 2834 904 2899 Inscription.
927 2849 1021 2896 ant,
1040 2835 1197 2900 graecis
1217 2853 1263 2899 p.
1289 2839 1349 2882 80
1362 2833 1458 2897 sqq.
1482 2849 1537 2896 91
1562 2832 1699 2896 sqq.).
1721 2833 1812 2894 Sed

83 2936 86 2937 ⁷
171 2907 231 2964 'ne
258 2914 407 2975 po'etae
441 2909 635 2956 absurda
656 2909 901 2957 commenti
922 2911 1005 2957 effe
1029 2909 1286 2966 videantur,
1324 2909 1411 2954 hoc
1434 2906 1585 2953 saltem
1608 2905 1813 2953 monebi-

171 3001 290 3052 mu'S,
323 2985 604 3050 Assyriorum
626 2985 866 3050 imperium
899 2986 1044 3053 videri
1063 2985 1146 3032 illo
1168 2995 1368 3048 tempore
1401 2981 1539 3046 usque
1570 2978 1619 3028 in
1656 2980 1812 3030 Afiam

173 3059 399 3122 minorem
419 3059 666 3123 prolatum,
683 3071 819 3123 atque
841 3058 968 3106 exiis
982 3058 1160 3112 finibus,
1178 3058 1378 3119 adeoque
1396 3071 1451 3101 ex
1473 3053 1661 3101 Oriente
1682 3054 1813 3117 (hinc

147 3173 150 3177 .
172 3134 277 3200 ,βοῶ
297 3132 455 3193 acies-J}
499 3148 592 3181 non
612 3147 720 3179 vero
754 3149 810 3179 ex
845 3133 1024 3193 Affyria
1058 3130 1236 3195 proprie
1257 3130 1395 3184 dicta,
1433 3126 1543 3190 fingi
1581 3127 1650 3173 vel
1695 3127 1815 3175 tradi

91 3256 93 3258 ,
172 3206 387 3273 ⁸alliquem‘
401 3206 698 3255 Memnonem
720 3208 872 3271 copias
889 3206 1102 3269 Trojanis
1126 3203 1386 3259 adduxiffe3
1410 3200 1550 3248 Indos
1567 3212 1611 3247 et
1627 3201 1812 3249 AEthio-

90 3271 94 3279 ¹
121 3325 124 3328 ,
170 3296 250 3346 pes
268 3285 419 3346 poetae
438 3291 631 3338 vocant3
667 3297 759 3344 quo
776 3280 960 3328 nomine
982 3295 1134 3328 omnes
1154 3279 1212 3324 ad
1231 3276 1466 3324 Orientem
1483 3275 1586 3322 fitos
1602 3276 1813 3340 popu103‚

128 3354 144 3407 J
171 3352 503 3438 &australibus
524 3352 733 3418 inprimis
749 3354 915 3419 plagis,
949 3351 1238 3402 declarabant
1269 3361 1452 3398 veteres.
1516 3347 1690 3394 Ornata
1731 3347 1812 3395 de-

57 3505 63 3511 ·
81 3506 138 3533 '3²:¹⁸ss

66 3418 283 3514 we
300 3428 436 3500 retiis
457 3428 606 3502 modis
625 3439 673 3494 er
689 3428 961 3502 amplifisata
983 3427 1155 3491 fabula,
1179 3424 1246 3487 Cf*
1269 3416 1543 3482 P³⁰s³¹¹⁰X’
1557 3439 1612 3492 3¹
1635 3439 1683 3487 Ρ·
1701 3427 1810 3488 875·

1561 3500 1567 3504 ”
1647 3493 1820 3558 „Schol.
