2372 4030
497 340 548 443 ‘2
799 378 872 438 P.
918 361 1359 438 v1RG1L11
1403 370 1863 443 MARONIS

506 553 651 608 quam
681 548 792 592 tunc
830 539 879 590 in
911 533 969 589 iis
990 533 1109 590 locis
1145 532 1380 589 condebat
1415 535 1728 615 Dido—499.
1793 545 1966 596 AEneas
1989 542 2172 614 itaque,

502 629 666 678 matris
687 628 915 678 beneficio
933 644 1052 677 cava
1073 620 1197 677 nube
1220 627 1415 685 cineus,
1441 647 1533 679 una
1566 644 1676 682 cum
1701 633 1886 683 Achate
1910 632 2169 704 Carthagi-

426 740 429 745 ,
502 731 611 763 nem
664 715 962 782 ingreditur:
998 711 1078 765 ubi
1108 728 1157 765 et
1206 716 1352 766 socios
1402 718 1550 768 salvos
1594 721 1789 787 reperit,
1821 731 1870 772 et
1906 734 1935 772 a'
1971 718 2169 776 Didone

500 801 708 872 benigne
729 802 1143 875 excipitur—656.
1210 806 1371 858 Venus
1405 820 1581 867 tamen,
1615 812 1742 877 quod
1769 821 1921 878 neque
1961 807 2168 878 Junonid

498 892 702 958 hospitio
743 912 894 961 neque
942 896 1160 944 muliebri
1192 896 1506 947 inconstantiae
1543 898 1650 948 satis
1702 892 1883 955 fideret,
1931 885 2082 966 sopito
2112 880 2164 949 in

498 977 663 1028 Idaliae
699 980 813 1029 lucis
857 974 1074 1036 Ascanio,
1109 997 1196 1046 pro
1235 999 1292 1030 eo
1326 975 1612 1048 Cupidinem
1650 984 1892 1042 substituit,
1925 985 2009 1052 qui
2038 987 2164 1036 inter

499 1070 739 1134 amplexus
757 1079 805 1119 et
827 1071 979 1119 oscula
994 1071 1195 1119 latenter
1214 1072 1388 1137 reginae
1406 1090 1615 1124 amorem
1637 1075 1830 1141 inspirat
1845 1077 2027 1126 AEneae.

496 1242 725 1333 ILLE
765 1291 872 1350 eg0,
915 1273 1010 1350 qui
1037 1271 1311 1347 quondam,
1347 1269 1554 1347 gracili
1578 1272 1874 1330 modulatus
1899 1287 2073 1333 avena

500 1353 742 1423 Carmen,
783 1365 855 1422 et,
894 1354 1114 1430 egraffus
1136 1353 1302 1425 stlvis
1328 1353 1509 1409 vicina
1538 1354 1692 1429 co'e'gi,

501 1433 575 1492 Ui
603 1436 849 1513 quamvis
875 1437 1033 1491 avido
1053 1446 1314 1510 parerent
1340 1452 1482 1490 arva
1511 1433 1710 1491 colono:
1800 1510 1804 1511 ἶ
1848 1510 1850 1513 Ι

496 1514 726 1575 Gratum
747 1531 873 1593 opus
899 1516 1143 1595 agricolis
1169 1537 1187 1571 .-
1228 1527 1288 1573 at
1313 1534 1448 1572 nunc
1474 1513 1744 1574 horrentia
1771 1515 1992 1579 Martis'

545 1674 616 1715 Ille
633 1690 702 1726 ego.
756 1673 949 1728 Vulgaris
983 1671 1176 1712 sententia
1210 1671 1280 1720 cst,
1307 1680 1479 1724 quatuor
1501 1675 1575 1716 hos
1592 1676 1727 1718 versus
1744 1677 1952 1718 auctorem
1969 1671 2147 1724 habuisse·

491 1739 731 1792 Virgilium,
756 1738 823 1777 sed
841 1752 864 1777 a
883 1737 1009 1776 Vario
1041 1736 1116 1776 effe
1149 1735 1334 1775 sublatos.

1395 1739 1518 1793 Qod
1547 1741 1575 1780 fi
1595 1742 1651 1782 ita
1668 1755 1732 1782 res
1748 1743 1787 1782 se
1806 1742 1961 1790 habuit,
1990 1744 2149 1786 acutior‘

488 1802 581 1842 sane
600 1802 747 1841 Varius
758 1801 934 1854 Virgilio
951 1801 1044 1839 fuit.
1098 1801 1175 1840 Sed
1194 1809 1328 1839 totum
1346 1801 1447 1843 illud
1461 1815 1737 1846 commentum
1751 1807 2046 1847 Pseudodonati
2064 1807 2146 1849 fide

487 1866 648 1914 nststur,
669 1880 708 1905 v.
730 1869 778 1905 T.
799 1867 934 1905 I.Vita
949 1866 1070 1918 Virg.
1092 1866 1116 1916 ᾗ
1138 1867 1205 1912 60,
1224 1874 1263 1905 et
1282 1865 1399 1906 nobis
1417 1869 1580 1921 quidem
1597 1870 1849 1910 verisimilius
1867 1871 1935 1919 est,
1951 1885 1975 1910 a
1996 1874 2146 1912 Gram-

488 1931 638 1970 matico
658 1930 792 1983 aliquo
812 1930 947 1970 versus
967 1930 1041 1969 hos
1060 1929 1134 1968 effe
1154 1929 1299 1968 affutos
1316 1944 1327 1978 ;
1354 1930 1508 1972 factum
1528 1935 1637 1974 enim
1669 1934 1724 1975 est
1743 1934 1821 1974 hoc
1852 1935 1961 1974 idem
1979 1935 2022 1974 in
2055 1935 2146 1978 alii·

486 1996 642 2048 Ροὲῐὶες
673 1994 796 2033 etiam
816 1994 914 2033 olim
934 1995 975 2033 in
996 1994 1161 2033 Hesiodi
1189 2006 1309 2046 opere
1339 1997 1485 2037 rustico
1514 1998 1590 2038 hoc
1616 1994 1687 2039 fibi
1704 1999 1970 2052 permiserunt
2001 1999 2144 2055 Rhapa

484 2058 584 2099 sodi.
642 2059 849 2099 Caeterum
884 2058 1024 2112 rejecti
1058 2059 1088 2098 ii
1106 2058 1242 2098 versus
1274 2059 1364 2099 sunt
1383 2061 1702 2103 doetiffimorum
1728 2062 1912 2103 virorum
1928 2061 2145 2117 suffragiiff',

552 2196 599 2244 A
617 2195 822 2245 carmine
839 2195 1051 2243 bucolico
1068 2207 1114 2242 et
1128 2210 1267 2259 geor-

484 2262 596 2327 gico
614 2263 673 2309 ad
697 2263 936 2309 heroicum
954 2262 996 2308 se
1013 2260 1270 2325 procedere

484 2327 709 2392 fignificat
743 2327 946 2391 quisquis
991 2329 1074 2374 hos
1111 2327 1266 2374 versus

481 2392 676 2457 scripfit.
761 2391 1002 2440 Sententia
1046 2392 1228 2456 integra
1251 2410 1264 2440 ε

480 2458 566 2505 Ille
586 2477 715 2522 ego-
725 2477 835 2505 nunc
855 2459 913 2505 h„
927 2458 1000 2505 Μ.
1038 2477 1164 2504 arma
1182 2462 1265 2505 evi-2

479 2542 657 2587 rumque
708 2543 828 2571 cano.
910 2523 1035 2570 Bene
1091 2534 1266 2578 autem,

480 2599 580 2636 tam
603 2590 746 2652 longa
777 2587 987 2636 'oratione
1006 2585 1265 2649 interjecta,

478 2666 665 2716 poterat
680 2653 796 2701 illud
813 2668 862 2702 at
882 2653 931 2700 in
948 2652 1133 2717 apodofi
1148 2670 1264 2715 prae-

479 2718 584 2782 figi,
620 2718 746 2784 quod
767 2718 904 2766 toties
937 2719 1107 2766 faftum
1130 2719 1265 2766 vide-

477 2800 613 2841 mus;
665 2784 791 2848 quod
829 2785 947 2832 adeo
984 2784 1264 2847 reprehendi

477 2862 557 2897 aut
573 2863 623 2897 at
638 2849 687 2897 in
709 2862 750 2897 et
774 2849 943 2897 mutari
957 2849 1117 2897 nolim.
1167 2850 1261 2897 Re-

473 2914 605 2979 liqua
622 2915 681 2963 fic
689 2914 961 2980 jungenda:
996 2914 1093 2978 qui,
1116 2918 1262 2962 modu-

469 2979 701 3029 latus—et
716 2980 1059 3044 egrqfficsfilvis,
1081 2982 1154 3040 (re
1175 2996 1260 3045 pe-

474 3045 636 3093 cuaria
678 3046 857 3101 relicta,
890 3045 995 3093 Ecl.
1043 3045 1137 3100 IV,
1182 3047 1254 3110 3.)

471 3114 681 3175 quondam
702 3112 818 3175 cobsgi
837 3129 964 3159 arva
998 3114 1175 3165 vicina,
1209 3125 1260 3160 ut

464 3189 674 3239 parerent
693 3176 827 3224 colono
859 3180 1066 3240 quamvis
1094 3178 1256 3232 avido,

475 3253 544 3295 ut,
576 3242 688 3289 licet
719 3241 799 3289 ille
830 3242 1023 3306 frugum
1044 3252 1178 3289 terrae
1201 3242 1255 3290 fit

469 3306 770 3361 avidiffimus,
801 3320 958 3354 tamen
979 3305 1105 3369 agri,
1143 3321 1255 3369 pro-

471 3382 638 3419 ventus
708 3372 959 3439 ubertate„
1002 3370 1255 3436 cupiditati

468 3435 569 3483 e'us
607 3435 938 3486 satisfacerent.
982 3435 1047 3484 cf.
1089 3437 1251 3485 Burm.

470 3453 640 3549 Ιέανεητ
658 3521 789 3549 arva
807 3516 848 3550 et
877 3521 1005 3551 arva
1028 3515 1255 3565 coguntur,

469 3566 690 3629 agricolae
712 3567 857 3615 studio
875 3579 925 3616 et
955 3583 1119 3632 opera,
1151 3583 1255 3631 quae

468 3621 795 3681 declaratur-‘a
823 3632 973 3698 poetis
1004 3636 1091 3698 per
1117 3636 1253 3698 impe-

1349 2200 1481 2253 rium,
1520 2204 1637 2254 vim,
1672 2210 1721 2248 et
1745 2197 1939 2247 fimilia:
1973 2197 2141 2246 dicun*

1350 2274 1425 2310 tur
1439 2263 1543 2328 agri
1556 2269 1742 2319 domari,
1743 2267 1947 2327 servire,
1957 2277 2136 2326 parere.

1350 2330 1416 2376 At
1449 2331 1498 2377 h.
1543 2330 1578 2378 1.
1615 2330 1675 2377 de
1711 2331 1871 2395 poeta,
1908 2329 2043 2394 super
2085 2345 2138 2378 re

1347 2394 1512 2442 rustica
1536 2408 1775 2459 praecepta
1812 2396 1973 2450 dante,
2006 2393 2136 2442 idem'

1345 2458 1463 2507 bene
1486 2466 1725 2534 epoeuca
1743 2460 1942 2515 ratione,
1961 2475 2052 2524 qua
2076 2459 2137 2508 ad
2197 2460 2206 2478 '

1343 2524 1713 2588 praeciplentem‚
1730 2538 1954 2590 tanquam
1974 2527 2135 2575 aucto-⁴

1345 2606 1464 2644 rem,
1500 2590 1697 2638 refertur
1720 2590 1790 2645 id,
1825 2591 1952 2656 quod
1973 2590 2134 2639 facere

1342 2655 1575 2719 praecipit,
1631 2656 1854 2714 dicitur3
1910 2668 1960 2704 at
2009 2655 2133 2705 forte

1343 2736 1440 2768 non
1481 2721 1563 2769 nifi
1598 2720 1647 2770 in
1682 2721 1882 2786 pedestri
1919 2721 2133 2770 oratione

1342 2784 1514 2834 dietum
1559 2787 1655 2835 est:
1706 2806 1850 2852 cogere
1900 2806 2047 2842 arva,
2081 2801 2130 2836 ut

1333 2863 1544 2914 pareant.
1613 2852 1747 2900 Arva
1781 2856 1942 2901 vicina
1964 2852 2134 2916 poffinfi
2162 2855 2188 2921 *v

1342 2931 1435 2964 non
1468 2917 1764 2966 incommode
1802 2917 1925 2969 dicta
1954 2916 2131 2973 videri,

1339 2980 1502 3031 iisdem
1534 2982 1702 3046 filvi55
1736 2983 1787 3031 h.
1831 2999 1877 3030 e.
1926 2982 2135 3047 pascuis*

1340 3045 1556 3108 subjecta.
1624 3050 1767 3097 Arma
1789 3047 2013 3098 horrentia
2037 3063 2124 3112 ¹¹9⁸}

1338 3110 1422 3159 lim
1470 3111 1686 3177 accipere
1726 3112 1986 3169 horribilia,
2041 3112 2128 3164 nis:

1337 3176 1564 3226 novatum
1588 3178 1679 3226 hoc
1717 3180 1805 3227 effe
1843 3178 2127 3235 censeamus}

1335 3258 1446 3290 nam
1468 3244 1733 3307 exemplum
1761 3242 1900 3306 hujus
1916 3243 2124 3296 ususzad·

1333 3307 1426 3356 huc
1456 3307 1683 3365 defidero,
1716 3309 1793 3358 sed
1828 3321 1881 3358 ut
1908 3309 1999 3360 tela
2016 3309 2123 3358 bor·

1332 3378 1498 3428 rentia,
1549 3374 1688 3440 bastae
1728 3375 1967 3430 horrenter,
2009 3373 2123 3422 dum

1332 3439 1514 3493 erectae,
1546 3439 1791 3503 protensae,
1825 3441 1974 3488 stant:
2013 3441 2122 3488 Nee

1325 3503 1472 3563 ‘aliter
1504 3504 1680 3569 bqr-rens
1711 3505 1866 3569 umbra
1885 3505 2008 3557 dieta
2028 3504 2126 3553 infe

1341 3569 1451 3635 165.
1479 3584 1590 3634 311.
1613 3570 1681 3619 cf.
1704 3572 1766 3618 ad
1797 3570 1880 3619 lib.
1915 3571 1979 3626 X,
2003 3586 2124 3634 2371

1334 3632 1488 3686 Notio
1503 3635 1708 3687 horroris
1725 3636 1832 3686 sane
1845 3647 1893 3685 et
1910 3636 1970 3684 fic
1986 3631 2121 3750 ing}-

1880 3713 2022 3767 1-3-
2093 3717 2122 3752 e
