<?xml version="1.0" encoding="UTF-8"?>
<!DOCTYPE html PUBLIC "-//W3C//DTD XHTML 1.0 Transitional//EN"
    "http://www.w3.org/TR/xhtml1/DTD/xhtml1-transitional.dtd">
<html xmlns="http://www.w3.org/1999/xhtml" xml:lang="en" lang="en">
 <head>
  <title>
</title>
<meta http-equiv="Content-Type" content="text/html;charset=utf-8" />
  <meta name='ocr-system' content='tesseract 3.04.00' />
  <meta name='ocr-capabilities' content='ocr_page ocr_carea ocr_par ocr_line ocrx_word'/>
</head>
<body>
  <div class='ocr_page' id='page_1' title='image "./operavarietatele02virguoft_0179.png"; bbox 0 0 2372 4030; ppageno 0'>
   <div class='ocr_carea' id='block_1_1' title="bbox 425 305 1816 392">
    <p class='ocr_par' dir='ltr' id='par_1_1' title="bbox 425 305 1816 392">
     <span class='ocr_line' id='line_1_1' title="bbox 425 305 1816 392; baseline 0.009 -31"><span class='ocrx_word' id='word_1_1' title='bbox 425 320 495 362; x_wconf 78' lang='lat'>·.</span> <span class='ocrx_word' id='word_1_2' title='bbox 575 305 1117 380; x_wconf 82' lang='lat' dir='ltr'>AENEIDOS,·</span> <span class='ocrx_word' id='word_1_3' title='bbox 1163 308 1349 369; x_wconf 87' lang='lat' dir='ltr'>LIB.</span> <span class='ocrx_word' id='word_1_4' title='bbox 1409 309 1459 370; x_wconf 87' lang='lat'>1.</span> <span class='ocrx_word' id='word_1_5' title='bbox 1747 317 1816 392; x_wconf 75' lang='lat'>⁸3</span> 
     </span>
    </p>
   </div>
   <div class='ocr_carea' id='block_1_2' title="bbox 189 474 1578 554">
    <p class='ocr_par' dir='ltr' id='par_1_2' title="bbox 189 474 1578 554">
     <span class='ocr_line' id='line_1_2' title="bbox 189 474 1578 554; baseline 0.005 -23"><span class='ocrx_word' id='word_1_6' title='bbox 189 474 380 538; x_wconf 82' lang='lat' dir='ltr'>Ducit</span> <span class='ocrx_word' id='word_1_7' title='bbox 407 474 858 534; x_wconf 85' lang='lat' dir='ltr'>Amazonidum</span> <span class='ocrx_word' id='word_1_8' title='bbox 886 474 1101 533; x_wconf 88' lang='lat' dir='ltr'>lunatis</span> <span class='ocrx_word' id='word_1_9' title='bbox 1138 474 1379 554; x_wconf 85' lang='lat' dir='ltr'>agmina</span> <span class='ocrx_word' id='word_1_10' title='bbox 1405 477 1578 554; x_wconf 85' lang='lat' dir='ltr'>peltis</span> 
     </span>
    </p>
   </div>
   <div class='ocr_carea' id='block_1_3' title="bbox 1662 501 1820 562">
    <p class='ocr_par' dir='ltr' id='par_1_3' title="bbox 1662 501 1820 562">
     <span class='ocr_line' id='line_1_3' title="bbox 1662 501 1820 562; baseline 0.032 -37"><span class='ocrx_word' id='word_1_11' title='bbox 1662 522 1669 529; x_wconf 9' lang='lat' dir='ltr'>,A</span> <span class='ocrx_word' id='word_1_12' title='bbox 1698 501 1820 562; x_wconf 68' lang='lat'>49,</span> 
     </span>
    </p>
   </div>
   <div class='ocr_carea' id='block_1_4' title="bbox 191 584 1742 664">
    <p class='ocr_par' dir='ltr' id='par_1_4' title="bbox 191 584 1742 664">
     <span class='ocr_line' id='line_1_4' title="bbox 191 584 1742 664; baseline 0.004 -18"><span class='ocrx_word' id='word_1_13' title='bbox 191 584 560 650; x_wconf 71' lang='lat' dir='ltr'>Penthesilea</span> <span class='ocrx_word' id='word_1_14' title='bbox 589 584 806 657; x_wconf 86' lang='lat' dir='ltr'>furens,</span> <span class='ocrx_word' id='word_1_15' title='bbox 836 585 1165 664; x_wconf 85' lang='lat' dir='ltr'>mediisque</span> <span class='ocrx_word' id='word_1_16' title='bbox 1192 586 1254 644; x_wconf 91' lang='lat' dir='ltr'>in</span> <span class='ocrx_word' id='word_1_17' title='bbox 1289 587 1550 648; x_wconf 88' lang='lat' dir='ltr'>millibus</span> <span class='ocrx_word' id='word_1_18' title='bbox 1577 591 1742 652; x_wconf 87' lang='lat' dir='ltr'>ardet</span> 
     </span>
    </p>
   </div>
   <div class='ocr_carea' id='block_1_5' title="bbox 189 697 1608 778">
    <p class='ocr_par' dir='ltr' id='par_1_5' title="bbox 189 697 1608 778">
     <span class='ocr_line' id='line_1_5' title="bbox 189 697 1608 778; baseline 0.001 -21"><span class='ocrx_word' id='word_1_19' title='bbox 189 698 388 759; x_wconf 90' lang='lat' dir='ltr'>Aurea</span> <span class='ocrx_word' id='word_1_20' title='bbox 414 697 755 765; x_wconf 61' lang='lat' dir='ltr'>subneetens</span> <span class='ocrx_word' id='word_1_21' title='bbox 784 697 1030 757; x_wconf 86' lang='lat' dir='ltr'>exsertae</span> <span class='ocrx_word' id='word_1_22' title='bbox 1058 698 1297 778; x_wconf 85' lang='lat' dir='ltr'>cingula</span> <span class='ocrx_word' id='word_1_23' title='bbox 1326 718 1608 759; x_wconf 85' lang='lat' dir='ltr'>mammae</span> 
     </span>
    </p>
   </div>
   <div class='ocr_carea' id='block_1_6' title="bbox 189 814 1585 893">
    <p class='ocr_par' dir='ltr' id='par_1_6' title="bbox 189 814 1585 893">
     <span class='ocr_line' id='line_1_6' title="bbox 189 814 1585 893; baseline -0.001 -19"><span class='ocrx_word' id='word_1_24' title='bbox 189 815 493 890; x_wconf 85' lang='lat' dir='ltr'>Bellatrix,</span> <span class='ocrx_word' id='word_1_25' title='bbox 521 814 813 893; x_wconf 85' lang='lat' dir='ltr'>audetque</span> <span class='ocrx_word' id='word_1_26' title='bbox 840 814 984 871; x_wconf 89' lang='lat' dir='ltr'>viris</span> <span class='ocrx_word' id='word_1_27' title='bbox 1014 832 1365 872; x_wconf 88' lang='lat' dir='ltr'>concurrere</span> <span class='ocrx_word' id='word_1_28' title='bbox 1394 815 1585 893; x_wconf 74' lang='lat' dir='ltr'>virgo,</span> 
     </span>
    </p>
   </div>
   <div class='ocr_carea' id='block_1_7' title="bbox 268 926 1796 1004">
    <p class='ocr_par' dir='ltr' id='par_1_7' title="bbox 268 926 1796 1004">
     <span class='ocr_line' id='line_1_7' title="bbox 268 926 1796 1004; baseline 0 -14"><span class='ocrx_word' id='word_1_29' title='bbox 268 930 428 990; x_wconf 88' lang='lat' dir='ltr'>Haec</span> <span class='ocrx_word' id='word_1_30' title='bbox 458 930 607 989; x_wconf 91' lang='lat' dir='ltr'>dum</span> <span class='ocrx_word' id='word_1_31' title='bbox 635 926 938 987; x_wconf 88' lang='lat' dir='ltr'>Dardanio</span> <span class='ocrx_word' id='word_1_32' title='bbox 965 926 1174 985; x_wconf 86' lang='lat' dir='ltr'>AEneae</span> <span class='ocrx_word' id='word_1_33' title='bbox 1209 927 1475 987; x_wconf 89' lang='lat' dir='ltr'>miranda</span> <span class='ocrx_word' id='word_1_34' title='bbox 1503 929 1796 1004; x_wconf 89' lang='lat' dir='ltr'>videntur,</span> 
     </span>
    </p>
   </div>
   <div class='ocr_carea' id='block_1_8' title="bbox 190 1096 1835 1223">
    <p class='ocr_par' dir='ltr' id='par_1_8' title="bbox 190 1096 1835 1223">
     <span class='ocr_line' id='line_1_8' title="bbox 190 1096 1835 1162; baseline -0.001 -14"><span class='ocrx_word' id='word_1_35' title='bbox 190 1096 195 1100; x_wconf 21' lang='grc' dir='ltr'><strong>Α</strong></span> <span class='ocrx_word' id='word_1_36' title='bbox 247 1119 341 1162; x_wconf 84' lang='grc'><strong>490.</strong></span> <span class='ocrx_word' id='word_1_37' title='bbox 373 1107 472 1147; x_wconf 80' lang='lat' dir='ltr'>duxit</span> <span class='ocrx_word' id='word_1_38' title='bbox 490 1108 653 1159; x_wconf 82' lang='lat' dir='ltr'>Menag.</span> <span class='ocrx_word' id='word_1_39' title='bbox 682 1118 745 1160; x_wconf 86' lang='lat' dir='ltr'>pr.</span> <span class='ocrx_word' id='word_1_40' title='bbox 764 1113 805 1146; x_wconf 89' lang='lat' dir='ltr'>et</span> <span class='ocrx_word' id='word_1_41' title='bbox 832 1102 991 1145; x_wconf 90' lang='lat' dir='ltr'>Zulich.</span> <span class='ocrx_word' id='word_1_42' title='bbox 1049 1106 1138 1144; x_wconf 81' lang='lat' dir='ltr'>ducit</span> <span class='ocrx_word' id='word_1_43' title='bbox 1157 1105 1278 1144; x_wconf 86' lang='lat' dir='ltr'>etiam</span> <span class='ocrx_word' id='word_1_44' title='bbox 1305 1103 1438 1146; x_wconf 87' lang='lat' dir='ltr'>Schol.</span> <span class='ocrx_word' id='word_1_45' title='bbox 1468 1107 1565 1146; x_wconf 83' lang='lat' dir='ltr'>Stat.</span> <span class='ocrx_word' id='word_1_46' title='bbox 1596 1115 1636 1147; x_wconf 90' lang='lat' dir='ltr'>et</span> <span class='ocrx_word' id='word_1_47' title='bbox 1669 1107 1835 1149; x_wconf 66' lang='lat' dir='ltr'>Nonius.</span> 
     </span>
     <span class='ocr_line' id='line_1_9' title="bbox 193 1169 1826 1223; baseline -0.001 -9"><span class='ocrx_word' id='word_1_48' title='bbox 193 1174 332 1215; x_wconf 81' lang='lat' dir='ltr'>habet.</span> <span class='ocrx_word' id='word_1_49' title='bbox 366 1186 407 1213; x_wconf 85' lang='lat' dir='ltr'>v.</span> <span class='ocrx_word' id='word_1_50' title='bbox 440 1174 579 1212; x_wconf 91' lang='lat' dir='ltr'>Burm.</span> <span class='ocrx_word' id='word_1_51' title='bbox 606 1173 651 1210; x_wconf 91' lang='lat' dir='ltr'>In</span> <span class='ocrx_word' id='word_1_52' title='bbox 679 1184 719 1210; x_wconf 87' lang='lat' dir='ltr'>v.</span> <span class='ocrx_word' id='word_1_53' title='bbox 749 1181 846 1223; x_wconf 84' lang='lat'>491,</span> <span class='ocrx_word' id='word_1_54' title='bbox 865 1182 946 1223; x_wconf 85' lang='lat'>492</span> <span class='ocrx_word' id='word_1_55' title='bbox 965 1170 1261 1209; x_wconf 57' lang='lat' dir='ltr'>distinetionem</span> <span class='ocrx_word' id='word_1_56' title='bbox 1290 1170 1332 1209; x_wconf 89' lang='lat' dir='ltr'>in</span> <span class='ocrx_word' id='word_1_57' title='bbox 1359 1169 1438 1209; x_wconf 85' lang='lat' dir='ltr'>fine</span> <span class='ocrx_word' id='word_1_58' title='bbox 1463 1172 1649 1212; x_wconf 77' lang='lat' dir='ltr'>versuum</span> <span class='ocrx_word' id='word_1_59' title='bbox 1678 1173 1826 1215; x_wconf 88' lang='lat' dir='ltr'>sustuli.</span> 
     </span>
    </p>
   </div>
   <div class='ocr_carea' id='block_1_9' title="bbox 186 1232 1614 1290">
    <p class='ocr_par' dir='ltr' id='par_1_9' title="bbox 186 1232 1614 1290">
     <span class='ocr_line' id='line_1_10' title="bbox 186 1232 1614 1290; baseline -0.001 -14"><span class='ocrx_word' id='word_1_60' title='bbox 186 1247 390 1290; x_wconf 81' lang='lat'>——492.</span> <span class='ocrx_word' id='word_1_61' title='bbox 418 1237 580 1287; x_wconf 65' lang='lat' dir='ltr'>Exsbifiae</span> <span class='ocrx_word' id='word_1_62' title='bbox 595 1233 707 1273; x_wconf 86' lang='lat' dir='ltr'><strong>codd.</strong></span> <span class='ocrx_word' id='word_1_63' title='bbox 729 1247 795 1286; x_wconf 92' lang='lat' dir='ltr'>ap.</span> <span class='ocrx_word' id='word_1_64' title='bbox 819 1234 922 1272; x_wconf 89' lang='lat' dir='ltr'>Pier.</span> <span class='ocrx_word' id='word_1_65' title='bbox 942 1233 1060 1272; x_wconf 86' lang='lat' dir='ltr'>male.</span> <span class='ocrx_word' id='word_1_66' title='bbox 1082 1232 1133 1272; x_wconf 85' lang='lat' dir='ltr'>cf.</span> <span class='ocrx_word' id='word_1_67' title='bbox 1152 1235 1253 1274; x_wconf 88' lang='lat' dir='ltr'>AEn.</span> <span class='ocrx_word' id='word_1_68' title='bbox 1275 1234 1349 1281; x_wconf 84' lang='lat' dir='ltr'>XI,</span> <span class='ocrx_word' id='word_1_69' title='bbox 1369 1234 1445 1286; x_wconf 92' lang='lat'>649</span> <span class='ocrx_word' id='word_1_70' title='bbox 1462 1243 1501 1273; x_wconf 88' lang='lat' dir='ltr'>et</span> <span class='ocrx_word' id='word_1_71' title='bbox 1524 1234 1614 1285; x_wconf 77' lang='lat'>803.</span> 
     </span>
    </p>
   </div>
   <div class='ocr_carea' id='block_1_10' title="bbox 1619 1258 1724 1266">
    <p class='ocr_par' dir='ltr' id='par_1_10' title="bbox 1619 1258 1724 1266">
     <span class='ocr_line' id='line_1_11' title="bbox 1619 1258 1724 1266; baseline 0 0"><span class='ocrx_word' id='word_1_72' title='bbox 1619 1258 1724 1266; x_wconf 95' lang='lat' dir='ltr'> </span> 
     </span>
    </p>
   </div>
   <div class='ocr_carea' id='block_1_11' title="bbox 1725 1249 1824 1289">
    <p class='ocr_par' dir='ltr' id='par_1_11' title="bbox 1725 1249 1824 1289">
     <span class='ocr_line' id='line_1_12' title="bbox 1725 1249 1824 1289; baseline -0.02 -5"><span class='ocrx_word' id='word_1_73' title='bbox 1725 1249 1824 1289; x_wconf 82' lang='lat'>494.</span> 
     </span>
    </p>
   </div>
   <div class='ocr_carea' id='block_1_12' title="bbox 165 1297 1837 1482">
    <p class='ocr_par' dir='ltr' id='par_1_12' title="bbox 165 1297 1837 1482">
     <span class='ocr_line' id='line_1_13' title="bbox 165 1297 1828 1353; baseline -0.003 -12"><span class='ocrx_word' id='word_1_74' title='bbox 165 1331 166 1334; x_wconf 20' lang='grc' dir='ltr'>η</span> <span class='ocrx_word' id='word_1_75' title='bbox 189 1302 267 1342; x_wconf 78' lang='lat' dir='ltr'>haec</span> <span class='ocrx_word' id='word_1_76' title='bbox 276 1316 350 1339; x_wconf 88' lang='lat' dir='ltr'>cum</span> <span class='ocrx_word' id='word_1_77' title='bbox 365 1298 537 1339; x_wconf 85' lang='lat' dir='ltr'>Dorvill.</span> <span class='ocrx_word' id='word_1_78' title='bbox 567 1306 607 1337; x_wconf 89' lang='lat' dir='ltr'>et</span> <span class='ocrx_word' id='word_1_79' title='bbox 626 1298 683 1337; x_wconf 91' lang='lat' dir='ltr'>ita</span> <span class='ocrx_word' id='word_1_80' title='bbox 703 1297 842 1339; x_wconf 88' lang='lat' dir='ltr'>Rufin.</span> <span class='ocrx_word' id='word_1_81' title='bbox 864 1311 928 1350; x_wconf 87' lang='lat' dir='ltr'>ap.</span> <span class='ocrx_word' id='word_1_82' title='bbox 948 1298 1084 1337; x_wconf 91' lang='lat' dir='ltr'>Burm.</span> <span class='ocrx_word' id='word_1_83' title='bbox 1144 1297 1256 1336; x_wconf 87' lang='lat' dir='ltr'>Idem</span> <span class='ocrx_word' id='word_1_84' title='bbox 1284 1300 1417 1337; x_wconf 80' lang='lat' dir='ltr'><em>AEneae</em></span> <span class='ocrx_word' id='word_1_85' title='bbox 1435 1312 1508 1350; x_wconf 91' lang='lat' dir='ltr'>pro</span> <span class='ocrx_word' id='word_1_86' title='bbox 1527 1300 1570 1337; x_wconf 85' lang='lat' dir='ltr'>ab</span> <span class='ocrx_word' id='word_1_87' title='bbox 1590 1303 1710 1338; x_wconf 82' lang='lat' dir='ltr'>AEnea</span> <span class='ocrx_word' id='word_1_88' title='bbox 1724 1300 1828 1353; x_wconf 78' lang='lat' dir='ltr'>poli-</span> 
     </span>
     <span class='ocr_line' id='line_1_14' title="bbox 196 1361 1837 1415; baseline 0.001 -12"><span class='ocrx_word' id='word_1_89' title='bbox 196 1372 286 1404; x_wconf 88' lang='lat' dir='ltr'>tum</span> <span class='ocrx_word' id='word_1_90' title='bbox 311 1363 387 1403; x_wconf 79' lang='lat' dir='ltr'>ess&#39;e</span> <span class='ocrx_word' id='word_1_91' title='bbox 415 1362 636 1403; x_wconf 86' lang='lat' dir='ltr'>contendit.</span> <span class='ocrx_word' id='word_1_92' title='bbox 695 1362 840 1410; x_wconf 64' lang='lat' dir='ltr'>Ree’ce,</span> <span class='ocrx_word' id='word_1_93' title='bbox 862 1361 891 1401; x_wconf 89' lang='lat' dir='ltr'><strong>fi</strong></span> <span class='ocrx_word' id='word_1_94' title='bbox 912 1362 1008 1414; x_wconf 90' lang='lat' dir='ltr'>quid</span> <span class='ocrx_word' id='word_1_95' title='bbox 1024 1361 1156 1400; x_wconf 87' lang='lat' dir='ltr'>video.</span> <span class='ocrx_word' id='word_1_96' title='bbox 1210 1361 1372 1409; x_wconf 82' lang='lat' dir='ltr'>Nam,s1</span> <span class='ocrx_word' id='word_1_97' title='bbox 1396 1376 1591 1415; x_wconf 83' lang='lat' dir='ltr'>exponas:</span> <span class='ocrx_word' id='word_1_98' title='bbox 1621 1367 1652 1403; x_wconf 78' lang='lat' dir='ltr'>ei</span> <span class='ocrx_word' id='word_1_99' title='bbox 1670 1367 1837 1406; x_wconf 56' lang='lat' dir='ltr'>videntur</span> 
     </span>
     <span class='ocr_line' id='line_1_15' title="bbox 190 1424 1431 1482; baseline -0.002 -15"><span class='ocrx_word' id='word_1_100' title='bbox 190 1428 252 1482; x_wconf 71' lang='lat' dir='ltr'><em>ff</em></span> <span class='ocrx_word' id='word_1_101' title='bbox 269 1429 442 1476; x_wconf 77' lang='lat' dir='ltr'>miranda,</span> <span class='ocrx_word' id='word_1_102' title='bbox 467 1424 690 1480; x_wconf 87' lang='lat' dir='ltr'>pedestrem</span> <span class='ocrx_word' id='word_1_103' title='bbox 703 1424 848 1465; x_wconf 85' lang='lat' dir='ltr'>habeas</span> <span class='ocrx_word' id='word_1_104' title='bbox 867 1425 1104 1470; x_wconf 82' lang='lat' dir='ltr'>orationem,</span> <span class='ocrx_word' id='word_1_105' title='bbox 1123 1438 1204 1464; x_wconf 90' lang='lat' dir='ltr'>non</span> <span class='ocrx_word' id='word_1_106' title='bbox 1217 1425 1431 1479; x_wconf 71' lang='lat' dir='ltr'>poeticam.</span> 
     </span>
    </p>
   </div>
   <div class='ocr_carea' id='block_1_13' title="bbox 189 1575 972 2153">
    <p class='ocr_par' dir='ltr' id='par_1_13' title="bbox 189 1575 972 2153">
     <span class='ocr_line' id='line_1_16' title="bbox 190 1575 972 1688; baseline 0 -1"><span class='ocrx_word' id='word_1_107' title='bbox 190 1575 972 1688; x_wconf 54' lang='grc' dir='ltr'>ωέἓιῗῶῖῗέἸιῑῗῖωὲἶᾞὲἶίῃέἶ</span> 
     </span>
     <span class='ocr_line' id='line_1_17' title="bbox 193 1703 968 1770; baseline -0.003 -19"><span class='ocrx_word' id='word_1_108' title='bbox 193 1703 422 1770; x_wconf 80' lang='lat' dir='ltr'>Qintum</span> <span class='ocrx_word' id='word_1_109' title='bbox 447 1704 625 1766; x_wconf 89' lang='lat' dir='ltr'>Smyrn.</span> <span class='ocrx_word' id='word_1_110' title='bbox 660 1705 779 1751; x_wconf 90' lang='lat' dir='ltr'>libro</span> <span class='ocrx_word' id='word_1_111' title='bbox 804 1703 844 1752; x_wconf 90' lang='grc' dir='ltr'>Ι.</span> <span class='ocrx_word' id='word_1_112' title='bbox 878 1706 968 1750; x_wconf 90' lang='lat' dir='ltr'>Ar-</span> 
     </span>
     <span class='ocr_line' id='line_1_18' title="bbox 192 1767 968 1832; baseline -0.001 -16"><span class='ocrx_word' id='word_1_113' title='bbox 192 1780 456 1832; x_wconf 84' lang='lat' dir='ltr'>gumentum</span> <span class='ocrx_word' id='word_1_114' title='bbox 494 1768 581 1815; x_wconf 88' lang='lat' dir='ltr'>hoc</span> <span class='ocrx_word' id='word_1_115' title='bbox 606 1767 863 1832; x_wconf 71' lang='lat' dir='ltr'>express&#39;um</span> <span class='ocrx_word' id='word_1_116' title='bbox 898 1767 968 1815; x_wconf 89' lang='lat' dir='ltr'>vi-</span> 
     </span>
     <span class='ocr_line' id='line_1_19' title="bbox 191 1831 970 1879; baseline -0.001 0"><span class='ocrx_word' id='word_1_117' title='bbox 191 1832 321 1879; x_wconf 84' lang='lat' dir='ltr'>debis</span> <span class='ocrx_word' id='word_1_118' title='bbox 341 1831 391 1878; x_wconf 80' lang='lat' dir='ltr'>in</span> <span class='ocrx_word' id='word_1_119' title='bbox 422 1833 612 1879; x_wconf 79' lang='lat' dir='ltr'><em>Monum-</em></span> <span class='ocrx_word' id='word_1_120' title='bbox 653 1835 796 1879; x_wconf 74' lang='lat' dir='ltr'>inedit-</span> <span class='ocrx_word' id='word_1_121' title='bbox 836 1832 970 1879; x_wconf 88' lang='lat' dir='ltr'>Win-</span> 
     </span>
     <span class='ocr_line' id='line_1_20' title="bbox 190 1895 969 1952; baseline -0.001 -9"><span class='ocrx_word' id='word_1_122' title='bbox 190 1895 420 1943; x_wconf 90' lang='lat' dir='ltr'>kelmanni</span> <span class='ocrx_word' id='word_1_123' title='bbox 475 1913 521 1944; x_wconf 92' lang='lat' dir='ltr'>n.</span> <span class='ocrx_word' id='word_1_124' title='bbox 564 1895 885 1952; x_wconf 90' lang='lat' dir='ltr'>CXXXVII,</span> <span class='ocrx_word' id='word_1_125' title='bbox 917 1908 969 1943; x_wconf 91' lang='lat' dir='ltr'>ut</span> 
     </span>
     <span class='ocr_line' id='line_1_21' title="bbox 189 1956 966 2026; baseline -0.001 -19"><span class='ocrx_word' id='word_1_126' title='bbox 189 1956 333 2026; x_wconf 75' lang='lat' dir='ltr'>ipsam</span> <span class='ocrx_word' id='word_1_127' title='bbox 383 1959 701 2008; x_wconf 84' lang='lat' dir='ltr'>Penthefileam</span> <span class='ocrx_word' id='word_1_128' title='bbox 753 1961 864 2023; x_wconf 86' lang='lat' dir='ltr'>saepe</span> <span class='ocrx_word' id='word_1_129' title='bbox 902 1960 966 2007; x_wconf 76' lang='lat' dir='ltr'>vin</span> 
     </span>
     <span class='ocr_line' id='line_1_22' title="bbox 196 2023 968 2089; baseline -0.001 -18"><span class='ocrx_word' id='word_1_130' title='bbox 196 2024 411 2089; x_wconf 83' lang='lat' dir='ltr'>gemmiS,</span> <span class='ocrx_word' id='word_1_131' title='bbox 443 2036 490 2071; x_wconf 90' lang='lat' dir='ltr'>et</span> <span class='ocrx_word' id='word_1_132' title='bbox 524 2024 575 2071; x_wconf 91' lang='lat' dir='ltr'>in</span> <span class='ocrx_word' id='word_1_133' title='bbox 610 2024 771 2081; x_wconf 74' lang='lat' dir='ltr'>lorica,</span> <span class='ocrx_word' id='word_1_134' title='bbox 803 2023 968 2070; x_wconf 90' lang='lat' dir='ltr'>humili</span> 
     </span>
     <span class='ocr_line' id='line_1_23' title="bbox 190 2084 970 2153; baseline 0 -18"><span class='ocrx_word' id='word_1_135' title='bbox 190 2089 378 2153; x_wconf 86' lang='lat' dir='ltr'>pariete,</span> <span class='ocrx_word' id='word_1_136' title='bbox 450 2099 554 2135; x_wconf 90' lang='lat' dir='ltr'>ante</span> <span class='ocrx_word' id='word_1_137' title='bbox 611 2084 784 2153; x_wconf 72' lang='lat' dir='ltr'>signum</span> <span class='ocrx_word' id='word_1_138' title='bbox 843 2088 970 2152; x_wconf 90' lang='lat' dir='ltr'>Jovis</span> 
     </span>
    </p>
   </div>
   <div class='ocr_carea' id='block_1_14' title="bbox 98 2153 970 2217">
    <p class='ocr_par' dir='ltr' id='par_1_14' title="bbox 98 2153 970 2217">
     <span class='ocr_line' id='line_1_24' title="bbox 98 2153 970 2217; baseline 0 -17"><span class='ocrx_word' id='word_1_139' title='bbox 98 2157 104 2160; x_wconf 76' lang='grc'>’</span> <span class='ocrx_word' id='word_1_140' title='bbox 192 2153 404 2216; x_wconf 88' lang='lat' dir='ltr'>Olympii</span> <span class='ocrx_word' id='word_1_141' title='bbox 425 2154 581 2208; x_wconf 70' lang='lat' dir='ltr'>dufto,</span> <span class='ocrx_word' id='word_1_142' title='bbox 615 2169 642 2198; x_wconf 92' lang='lat' dir='ltr'>a</span> <span class='ocrx_word' id='word_1_143' title='bbox 664 2153 856 2199; x_wconf 88' lang='lat' dir='ltr'>Panaeno</span> <span class='ocrx_word' id='word_1_144' title='bbox 874 2153 970 2217; x_wconf 90' lang='lat' dir='ltr'>pic-</span> 
     </span>
    </p>
   </div>
   <div class='ocr_carea' id='block_1_15' title="bbox 188 2216 976 3438">
    <p class='ocr_par' dir='ltr' id='par_1_15' title="bbox 188 2216 976 3438">
     <span class='ocr_line' id='line_1_25' title="bbox 190 2216 971 2281; baseline -0.003 -16"><span class='ocrx_word' id='word_1_145' title='bbox 190 2229 284 2265; x_wconf 86' lang='lat' dir='ltr'>tam</span> <span class='ocrx_word' id='word_1_146' title='bbox 320 2217 529 2281; x_wconf 91' lang='lat' dir='ltr'>legimus,</span> <span class='ocrx_word' id='word_1_147' title='bbox 562 2233 634 2280; x_wconf 91' lang='lat' dir='ltr'>ap.</span> <span class='ocrx_word' id='word_1_148' title='bbox 678 2216 863 2265; x_wconf 88' lang='lat' dir='ltr'>Pausan.</span> <span class='ocrx_word' id='word_1_149' title='bbox 905 2217 971 2274; x_wconf 93' lang='lat' dir='ltr'>V,</span> 
     </span>
     <span class='ocr_line' id='line_1_26' title="bbox 198 2281 973 2346; baseline 0 -17"><span class='ocrx_word' id='word_1_150' title='bbox 198 2298 274 2338; x_wconf 87' lang='lat'>11,</span> <span class='ocrx_word' id='word_1_151' title='bbox 307 2299 356 2346; x_wconf 88' lang='lat' dir='ltr'>p.</span> <span class='ocrx_word' id='word_1_152' title='bbox 392 2299 504 2345; x_wconf 84' lang='lat'>402,</span> <span class='ocrx_word' id='word_1_153' title='bbox 536 2293 581 2327; x_wconf 92' lang='lat' dir='ltr'>et</span> <span class='ocrx_word' id='word_1_154' title='bbox 602 2281 729 2328; x_wconf 89' lang='lat' dir='ltr'>fuere</span> <span class='ocrx_word' id='word_1_155' title='bbox 745 2281 841 2344; x_wconf 87' lang='lat' dir='ltr'>jam</span> <span class='ocrx_word' id='word_1_156' title='bbox 861 2281 973 2334; x_wconf 85' lang='lat' dir='ltr'>olim</span> 
     </span>
     <span class='ocr_line' id='line_1_27' title="bbox 190 2345 972 2394; baseline 0 -1"><span class='ocrx_word' id='word_1_157' title='bbox 190 2345 437 2394; x_wconf 90' lang='lat' dir='ltr'>certamina</span> <span class='ocrx_word' id='word_1_158' title='bbox 473 2345 695 2392; x_wconf 86' lang='lat' dir='ltr'>artificum</span> <span class='ocrx_word' id='word_1_159' title='bbox 747 2345 798 2392; x_wconf 92' lang='lat' dir='ltr'>in</span> <span class='ocrx_word' id='word_1_160' title='bbox 829 2347 972 2393; x_wconf 83' lang='lat' dir='ltr'>Ama-</span> 
     </span>
     <span class='ocr_line' id='line_1_28' title="bbox 194 2408 973 2466; baseline 0 -9"><span class='ocrx_word' id='word_1_161' title='bbox 194 2410 411 2459; x_wconf 86' lang='lat' dir='ltr'>zonibus:</span> <span class='ocrx_word' id='word_1_162' title='bbox 449 2410 510 2460; x_wconf 86' lang='lat' dir='ltr'>cf.</span> <span class='ocrx_word' id='word_1_163' title='bbox 559 2408 679 2456; x_wconf 81' lang='lat' dir='ltr'>Plin.</span> <span class='ocrx_word' id='word_1_164' title='bbox 721 2409 973 2466; x_wconf 94' lang='lat' dir='ltr'>XXXIV,</span> 
     </span>
     <span class='ocr_line' id='line_1_29' title="bbox 192 2471 972 2540; baseline 0 -18"><span class='ocrx_word' id='word_1_165' title='bbox 192 2491 216 2537; x_wconf 41' lang='grc' dir='ltr'>,ι</span> <span class='ocrx_word' id='word_1_166' title='bbox 225 2493 273 2540; x_wconf 86' lang='grc'>9.</span> <span class='ocrx_word' id='word_1_167' title='bbox 297 2492 364 2539; x_wconf 88' lang='lat' dir='ltr'>pr.</span> <span class='ocrx_word' id='word_1_168' title='bbox 399 2471 626 2538; x_wconf 89' lang='lat' dir='ltr'>supersunt</span> <span class='ocrx_word' id='word_1_169' title='bbox 645 2490 828 2539; x_wconf 92' lang='lat' dir='ltr'>quoque</span> <span class='ocrx_word' id='word_1_170' title='bbox 847 2475 972 2538; x_wconf 89' lang='lat' dir='ltr'>figna</span> 
     </span>
     <span class='ocr_line' id='line_1_30' title="bbox 193 2538 972 2604; baseline 0 -18"><span class='ocrx_word' id='word_1_171' title='bbox 193 2540 289 2601; x_wconf 87' lang='lat' dir='ltr'>ejus</span> <span class='ocrx_word' id='word_1_172' title='bbox 339 2539 513 2603; x_wconf 88' lang='lat' dir='ltr'>generis</span> <span class='ocrx_word' id='word_1_173' title='bbox 564 2539 688 2585; x_wconf 89' lang='lat' dir='ltr'>haud</span> <span class='ocrx_word' id='word_1_174' title='bbox 730 2538 972 2604; x_wconf 86' lang='lat' dir='ltr'>ignobilia,</span> 
     </span>
     <span class='ocr_line' id='line_1_31' title="bbox 192 2601 971 2667; baseline 0.001 -17"><span class='ocrx_word' id='word_1_175' title='bbox 192 2601 241 2650; x_wconf 84' lang='lat' dir='ltr'>in</span> <span class='ocrx_word' id='word_1_176' title='bbox 274 2603 404 2651; x_wconf 89' lang='lat' dir='ltr'>rimis</span> <span class='ocrx_word' id='word_1_177' title='bbox 444 2603 493 2650; x_wconf 92' lang='lat' dir='ltr'>in</span> <span class='ocrx_word' id='word_1_178' title='bbox 546 2601 708 2650; x_wconf 88' lang='lat' dir='ltr'>Museo</span> <span class='ocrx_word' id='word_1_179' title='bbox 768 2603 971 2667; x_wconf 89' lang='lat' dir='ltr'>Capitol.</span> 
     </span>
     <span class='ocr_line' id='line_1_32' title="bbox 193 2665 972 2731; baseline 0.001 -18"><span class='ocrx_word' id='word_1_180' title='bbox 193 2665 244 2713; x_wconf 90' lang='grc' dir='ltr'>ΙΙ</span> <span class='ocrx_word' id='word_1_181' title='bbox 274 2704 290 2725; x_wconf 88' lang='grc'><strong><em>,</em></strong></span> <span class='ocrx_word' id='word_1_182' title='bbox 321 2669 404 2731; x_wconf 90' lang='lat'>46,</span> <span class='ocrx_word' id='word_1_183' title='bbox 435 2678 482 2714; x_wconf 90' lang='lat' dir='ltr'>et</span> <span class='ocrx_word' id='word_1_184' title='bbox 519 2666 570 2713; x_wconf 91' lang='lat' dir='ltr'>in</span> <span class='ocrx_word' id='word_1_185' title='bbox 601 2666 827 2715; x_wconf 87' lang='lat' dir='ltr'>Vaticano</span> <span class='ocrx_word' id='word_1_186' title='bbox 861 2667 972 2714; x_wconf 89' lang='lat' dir='ltr'>Mu-</span> 
     </span>
     <span class='ocr_line' id='line_1_33' title="bbox 191 2731 971 2787; baseline 0.001 -9"><span class='ocrx_word' id='word_1_187' title='bbox 191 2731 288 2787; x_wconf 84' lang='lat' dir='ltr'>seo,</span> <span class='ocrx_word' id='word_1_188' title='bbox 320 2749 377 2779; x_wconf 88' lang='lat' dir='ltr'>ex</span> <span class='ocrx_word' id='word_1_189' title='bbox 399 2731 703 2779; x_wconf 76' lang='lat' dir='ltr'>Matliaeorum</span> <span class='ocrx_word' id='word_1_190' title='bbox 723 2732 832 2778; x_wconf 89' lang='lat' dir='ltr'>villa</span> <span class='ocrx_word' id='word_1_191' title='bbox 851 2744 971 2779; x_wconf 87' lang='lat' dir='ltr'>tran-</span> 
     </span>
     <span class='ocr_line' id='line_1_34' title="bbox 192 2795 974 2859; baseline -0.003 -15"><span class='ocrx_word' id='word_1_192' title='bbox 192 2797 352 2845; x_wconf 78' lang='lat' dir='ltr'>ssatum</span> <span class='ocrx_word' id='word_1_193' title='bbox 373 2795 603 2858; x_wconf 84' lang='lat' dir='ltr'>(Raccolta</span> <span class='ocrx_word' id='word_1_194' title='bbox 617 2809 651 2844; x_wconf 94' lang='lat' dir='ltr'>t.</span> <span class='ocrx_word' id='word_1_195' title='bbox 681 2803 807 2859; x_wconf 79' lang='lat'>109.)</span> <span class='ocrx_word' id='word_1_196' title='bbox 845 2797 974 2859; x_wconf 81' lang='lat' dir='ltr'>peltae</span> 
     </span>
     <span class='ocr_line' id='line_1_35' title="bbox 194 2858 974 2925; baseline -0.003 -15"><span class='ocrx_word' id='word_1_197' title='bbox 194 2863 358 2910; x_wconf 80' lang='lat' dir='ltr'>lunatae</span> <span class='ocrx_word' id='word_1_198' title='bbox 395 2878 398 2886; x_wconf 59' lang='lat'>*</span> <span class='ocrx_word' id='word_1_199' title='bbox 433 2858 616 2925; x_wconf 87' lang='lat' dir='ltr'>proprie</span> <span class='ocrx_word' id='word_1_200' title='bbox 686 2863 974 2908; x_wconf 88' lang='lat' dir='ltr'>Amazonum</span> 
     </span>
     <span class='ocr_line' id='line_1_36' title="bbox 192 2925 973 2990; baseline -0.004 -15"><span class='ocrx_word' id='word_1_201' title='bbox 192 2925 337 2975; x_wconf 82' lang='lat' dir='ltr'>fuere.</span> <span class='ocrx_word' id='word_1_202' title='bbox 351 2925 599 2986; x_wconf 67' lang='lat' dir='ltr'>stcbneHens</span> <span class='ocrx_word' id='word_1_203' title='bbox 633 2925 802 2990; x_wconf 80' lang='lat' dir='ltr'>cingula</span> <span class='ocrx_word' id='word_1_204' title='bbox 844 2945 973 2972; x_wconf 88' lang='lat' dir='ltr'>mam-</span> 
     </span>
     <span class='ocr_line' id='line_1_37' title="bbox 194 2989 976 3054; baseline -0.006 -14"><span class='ocrx_word' id='word_1_205' title='bbox 194 3012 292 3046; x_wconf 85' lang='lat' dir='ltr'>mae‚</span> <span class='ocrx_word' id='word_1_206' title='bbox 346 2990 380 3036; x_wconf 87' lang='lat' dir='ltr'>s.</span> <span class='ocrx_word' id='word_1_207' title='bbox 436 2989 661 3045; x_wconf 82' lang='lat' dir='ltr'>mammis,</span> <span class='ocrx_word' id='word_1_208' title='bbox 713 2990 976 3054; x_wconf 87' lang='lat' dir='ltr'>exquifitius</span> 
     </span>
     <span class='ocr_line' id='line_1_38' title="bbox 193 3053 976 3120; baseline -0.003 -17"><span class='ocrx_word' id='word_1_209' title='bbox 193 3069 333 3120; x_wconf 85' lang='lat' dir='ltr'>quam</span> <span class='ocrx_word' id='word_1_210' title='bbox 354 3053 598 3115; x_wconf 68' lang='lat' dir='ltr'>fiebnellens</span> <span class='ocrx_word' id='word_1_211' title='bbox 635 3074 853 3102; x_wconf 86' lang='lat' dir='ltr'>mammam</span> <span class='ocrx_word' id='word_1_212' title='bbox 890 3059 976 3102; x_wconf 87' lang='lat' dir='ltr'>cin-</span> 
     </span>
     <span class='ocr_line' id='line_1_39' title="bbox 188 3117 975 3186; baseline -0.004 -19"><span class='ocrx_word' id='word_1_213' title='bbox 188 3120 308 3186; x_wconf 77' lang='lat' dir='ltr'>gulo.</span> <span class='ocrx_word' id='word_1_214' title='bbox 399 3117 534 3164; x_wconf 85' lang='lat' dir='ltr'>Laeva</span> <span class='ocrx_word' id='word_1_215' title='bbox 585 3118 756 3166; x_wconf 89' lang='lat' dir='ltr'>scilicet</span> <span class='ocrx_word' id='word_1_216' title='bbox 807 3118 975 3183; x_wconf 85' lang='lat' dir='ltr'>papilla</span> 
     </span>
     <span class='ocr_line' id='line_1_40' title="bbox 193 3182 971 3232; baseline -0.003 -1"><span class='ocrx_word' id='word_1_217' title='bbox 193 3196 289 3232; x_wconf 85' lang='lat' dir='ltr'>erat</span> <span class='ocrx_word' id='word_1_218' title='bbox 340 3182 526 3229; x_wconf 89' lang='lat' dir='ltr'>nudata.</span> <span class='ocrx_word' id='word_1_219' title='bbox 619 3183 748 3231; x_wconf 88' lang='lat' dir='ltr'>Nota</span> <span class='ocrx_word' id='word_1_220' title='bbox 804 3182 971 3230; x_wconf 86' lang='lat' dir='ltr'>omnia.</span> 
     </span>
     <span class='ocr_line' id='line_1_41' title="bbox 195 3246 969 3304; baseline -0.003 -9"><span class='ocrx_word' id='word_1_221' title='bbox 195 3247 295 3304; x_wconf 85' lang='lat' dir='ltr'>vid.</span> <span class='ocrx_word' id='word_1_222' title='bbox 332 3247 473 3295; x_wconf 82' lang='lat' dir='ltr'>Cerd.</span> <span class='ocrx_word' id='word_1_223' title='bbox 506 3258 553 3294; x_wconf 89' lang='lat' dir='ltr'>et</span> <span class='ocrx_word' id='word_1_224' title='bbox 588 3248 647 3294; x_wconf 86' lang='lat' dir='ltr'>al.</span> <span class='ocrx_word' id='word_1_225' title='bbox 685 3259 735 3294; x_wconf 92' lang='lat' dir='ltr'>ut</span> <span class='ocrx_word' id='word_1_226' title='bbox 775 3246 969 3296; x_wconf 89' lang='lat' dir='ltr'>Petitum</span> 
     </span>
     <span class='ocr_line' id='line_1_42' title="bbox 195 3310 976 3359; baseline 0 0"><span class='ocrx_word' id='word_1_227' title='bbox 195 3312 385 3359; x_wconf 86' lang='lat' dir='ltr'>omnino</span> <span class='ocrx_word' id='word_1_228' title='bbox 427 3311 486 3357; x_wconf 92' lang='lat' dir='ltr'>de</span> <span class='ocrx_word' id='word_1_229' title='bbox 529 3310 853 3359; x_wconf 77' lang='lat' dir='ltr'>Amazonibus.</span> <span class='ocrx_word' id='word_1_230' title='bbox 910 3310 976 3359; x_wconf 90' lang='lat' dir='ltr'>cf.</span> 
     </span>
     <span class='ocr_line' id='line_1_43' title="bbox 196 3369 974 3438; baseline -0.003 -15"><span class='ocrx_word' id='word_1_231' title='bbox 196 3369 283 3425; x_wconf 79' lang='lat' dir='ltr'>in&#39;f.</span> <span class='ocrx_word' id='word_1_232' title='bbox 306 3376 366 3423; x_wconf 88' lang='lat' dir='ltr'>ad</span> <span class='ocrx_word' id='word_1_233' title='bbox 387 3374 482 3431; x_wconf 89' lang='lat' dir='ltr'>XI,</span> <span class='ocrx_word' id='word_1_234' title='bbox 517 3376 626 3438; x_wconf 88' lang='lat'>649.</span> <span class='ocrx_word' id='word_1_235' title='bbox 694 3375 974 3434; x_wconf 80' lang='lat' dir='ltr'>Induxerunt</span> 
     </span>
    </p>
   </div>
   <div class='ocr_carea' id='block_1_16' title="bbox 114 3437 978 3489">
    <p class='ocr_par' dir='ltr' id='par_1_16' title="bbox 114 3437 978 3489">
     <span class='ocr_line' id='line_1_44' title="bbox 114 3437 978 3489; baseline 0 -2"><span class='ocrx_word' id='word_1_236' title='bbox 114 3447 118 3450; x_wconf 56' lang='lat'><strong>⁴</strong></span> <span class='ocrx_word' id='word_1_237' title='bbox 195 3452 345 3489; x_wconf 80' lang='lat' dir='ltr'>autem</span> <span class='ocrx_word' id='word_1_238' title='bbox 370 3439 625 3487; x_wconf 81' lang='lat' dir='ltr'>Amazonas</span> <span class='ocrx_word' id='word_1_239' title='bbox 654 3437 704 3486; x_wconf 88' lang='lat' dir='ltr'>in</span> <span class='ocrx_word' id='word_1_240' title='bbox 724 3439 833 3487; x_wconf 89' lang='lat' dir='ltr'>belli</span> <span class='ocrx_word' id='word_1_241' title='bbox 855 3440 978 3487; x_wconf 90' lang='lat' dir='ltr'>Tro-</span> 
     </span>
    </p>
   </div>
   <div class='ocr_carea' id='block_1_17' title="bbox 193 3502 976 3588">
    <p class='ocr_par' dir='ltr' id='par_1_17' title="bbox 193 3502 976 3588">
     <span class='ocr_line' id='line_1_45' title="bbox 193 3502 976 3588; baseline 0.011 -35"><span class='ocrx_word' id='word_1_242' title='bbox 193 3503 293 3569; x_wconf 67' lang='lat' dir='ltr'>jani</span> <span class='ocrx_word' id='word_1_243' title='bbox 328 3503 557 3564; x_wconf 71' lang='lat' dir='ltr'>historiam</span> <span class='ocrx_word' id='word_1_244' title='bbox 579 3509 742 3588; x_wconf 63' lang='lat' dir='ltr'>poetae,</span> <span class='ocrx_word' id='word_1_245' title='bbox 783 3502 863 3585; x_wconf 74' lang='lat' dir='ltr'>qui</span> <span class='ocrx_word' id='word_1_246' title='bbox 880 3504 976 3584; x_wconf 66' lang='lat' dir='ltr'>,9⁰st</span> 
     </span>
    </p>
   </div>
   <div class='ocr_carea' id='block_1_18' title="bbox 1053 1574 1832 1639">
    <p class='ocr_par' dir='ltr' id='par_1_18' title="bbox 1053 1574 1832 1639">
     <span class='ocr_line' id='line_1_46' title="bbox 1053 1574 1832 1639; baseline 0.003 -16"><span class='ocrx_word' id='word_1_247' title='bbox 1053 1575 1306 1623; x_wconf 88' lang='lat' dir='ltr'>Homerum</span> <span class='ocrx_word' id='word_1_248' title='bbox 1341 1574 1566 1639; x_wconf 84' lang='lat' dir='ltr'>scripsere,</span> <span class='ocrx_word' id='word_1_249' title='bbox 1599 1587 1644 1624; x_wconf 87' lang='lat' dir='ltr'>et</span> <span class='ocrx_word' id='word_1_250' title='bbox 1674 1577 1721 1625; x_wconf 91' lang='lat' dir='ltr'>in</span> <span class='ocrx_word' id='word_1_251' title='bbox 1755 1577 1832 1624; x_wconf 73' lang='lat' dir='ltr'>his</span> 
     </span>
    </p>
   </div>
   <div class='ocr_carea' id='block_1_19' title="bbox 1047 1641 1831 1777">
    <p class='ocr_par' dir='ltr' id='par_1_19' title="bbox 1047 1641 1831 1777">
     <span class='ocr_line' id='line_1_47' title="bbox 1048 1641 1831 1703; baseline 0.003 -17"><span class='ocrx_word' id='word_1_252' title='bbox 1048 1641 1269 1703; x_wconf 83' lang='lat' dir='ltr'>praecipue</span> <span class='ocrx_word' id='word_1_253' title='bbox 1311 1641 1523 1688; x_wconf 70' lang='lat' dir='ltr'>Arftinus</span> <span class='ocrx_word' id='word_1_254' title='bbox 1559 1642 1607 1688; x_wconf 90' lang='lat' dir='ltr'>in</span> <span class='ocrx_word' id='word_1_255' title='bbox 1650 1643 1831 1689; x_wconf 85' lang='lat' dir='ltr'>AEthio-</span> 
     </span>
     <span class='ocr_line' id='line_1_48' title="bbox 1047 1704 1830 1777; baseline 0.005 -27"><span class='ocrx_word' id='word_1_256' title='bbox 1047 1704 1171 1777; x_wconf 88' lang='lat' dir='ltr'>pide,</span> <span class='ocrx_word' id='word_1_257' title='bbox 1221 1704 1326 1766; x_wconf 85' lang='lat' dir='ltr'>quia</span> <span class='ocrx_word' id='word_1_258' title='bbox 1363 1705 1661 1752; x_wconf 76' lang='lat' dir='ltr'>celeberrimae</span> <span class='ocrx_word' id='word_1_259' title='bbox 1701 1718 1830 1754; x_wconf 86' lang='lat' dir='ltr'>erant</span> 
     </span>
    </p>
   </div>
   <div class='ocr_carea' id='block_1_20' title="bbox 1051 1769 1841 3610">
    <p class='ocr_par' dir='ltr' id='par_1_20' title="bbox 1051 1769 1836 2795">
     <span class='ocr_line' id='line_1_49' title="bbox 1051 1769 1831 1830; baseline 0.004 -16"><span class='ocrx_word' id='word_1_260' title='bbox 1051 1785 1102 1814; x_wconf 84' lang='lat' dir='ltr'>in</span> <span class='ocrx_word' id='word_1_261' title='bbox 1135 1770 1320 1830; x_wconf 85' lang='lat' dir='ltr'>antiqua</span> <span class='ocrx_word' id='word_1_262' title='bbox 1340 1769 1520 1815; x_wconf 87' lang='lat' dir='ltr'>historia</span> <span class='ocrx_word' id='word_1_263' title='bbox 1539 1772 1831 1818; x_wconf 85' lang='lat' dir='ltr'>Amazonum</span> 
     </span>
     <span class='ocr_line' id='line_1_50' title="bbox 1052 1831 1829 1895; baseline 0.006 -18"><span class='ocrx_word' id='word_1_264' title='bbox 1052 1831 1349 1895; x_wconf 87' lang='lat' dir='ltr'>impreffiones</span> <span class='ocrx_word' id='word_1_265' title='bbox 1369 1832 1417 1878; x_wconf 89' lang='lat' dir='ltr'>in</span> <span class='ocrx_word' id='word_1_266' title='bbox 1437 1833 1586 1879; x_wconf 87' lang='lat' dir='ltr'>Afiam</span> <span class='ocrx_word' id='word_1_267' title='bbox 1608 1835 1829 1882; x_wconf 88' lang='lat' dir='ltr'>minorem</span> 
     </span>
     <span class='ocr_line' id='line_1_51' title="bbox 1053 1896 1830 1961; baseline 0.005 -19"><span class='ocrx_word' id='word_1_268' title='bbox 1053 1896 1197 1952; x_wconf 60' lang='lat' dir='ltr'>saetae,</span> <span class='ocrx_word' id='word_1_269' title='bbox 1247 1896 1453 1959; x_wconf 86' lang='lat' dir='ltr'>inprimis</span> <span class='ocrx_word' id='word_1_270' title='bbox 1492 1896 1541 1943; x_wconf 90' lang='lat' dir='ltr'>in</span> <span class='ocrx_word' id='word_1_271' title='bbox 1586 1898 1830 1961; x_wconf 87' lang='lat' dir='ltr'>Phrygiam</span> 
     </span>
     <span class='ocr_line' id='line_1_52' title="bbox 1055 1960 1831 2023; baseline 0.005 -17"><span class='ocrx_word' id='word_1_272' title='bbox 1055 1972 1102 2006; x_wconf 90' lang='lat' dir='ltr'>et</span> <span class='ocrx_word' id='word_1_273' title='bbox 1143 1960 1367 2023; x_wconf 85' lang='lat' dir='ltr'>Lydiam3</span> <span class='ocrx_word' id='word_1_274' title='bbox 1402 1977 1587 2023; x_wconf 88' lang='lat' dir='ltr'>quarum</span> <span class='ocrx_word' id='word_1_275' title='bbox 1646 1979 1734 2008; x_wconf 87' lang='lat' dir='ltr'>una</span> <span class='ocrx_word' id='word_1_276' title='bbox 1778 1963 1831 2011; x_wconf 86' lang='lat' dir='ltr'>in</span> 
     </span>
     <span class='ocr_line' id='line_1_53' title="bbox 1062 2023 1830 2088; baseline 0.01 -20"><span class='ocrx_word' id='word_1_277' title='bbox 1062 2023 1227 2072; x_wconf 89' lang='lat' dir='ltr'>Priami</span> <span class='ocrx_word' id='word_1_278' title='bbox 1279 2037 1480 2088; x_wconf 89' lang='lat' dir='ltr'>tempora</span> <span class='ocrx_word' id='word_1_279' title='bbox 1533 2026 1712 2074; x_wconf 86' lang='lat' dir='ltr'>incidit.</span> <span class='ocrx_word' id='word_1_280' title='bbox 1780 2045 1830 2077; x_wconf 85' lang='lat' dir='ltr'>v.</span> 
     </span>
     <span class='ocr_line' id='line_1_54' title="bbox 1056 2086 1832 2155; baseline 0.008 -22"><span class='ocrx_word' id='word_1_281' title='bbox 1056 2086 1191 2137; x_wconf 89' lang='lat' dir='ltr'>Iliad.</span> <span class='ocrx_word' id='word_1_282' title='bbox 1248 2112 1295 2148; x_wconf 66' lang='grc' dir='ltr'>ιγ,</span> <span class='ocrx_word' id='word_1_283' title='bbox 1351 2094 1457 2152; x_wconf 85' lang='lat'>189.</span> <span class='ocrx_word' id='word_1_284' title='bbox 1526 2089 1597 2136; x_wconf 90' lang='lat' dir='ltr'>De</span> <span class='ocrx_word' id='word_1_285' title='bbox 1650 2090 1832 2155; x_wconf 80' lang='lat' dir='ltr'>reliquis</span> 
     </span>
     <span class='ocr_line' id='line_1_55' title="bbox 1056 2151 1834 2215; baseline 0.008 -17"><span class='ocrx_word' id='word_1_286' title='bbox 1056 2151 1158 2199; x_wconf 91' lang='lat' dir='ltr'>loca</span> <span class='ocrx_word' id='word_1_287' title='bbox 1202 2154 1373 2201; x_wconf 85' lang='lat' dir='ltr'>classica</span> <span class='ocrx_word' id='word_1_288' title='bbox 1409 2155 1528 2215; x_wconf 89' lang='lat' dir='ltr'>apud</span> <span class='ocrx_word' id='word_1_289' title='bbox 1567 2155 1834 2204; x_wconf 85' lang='lat' dir='ltr'>Strabonem</span> 
     </span>
     <span class='ocr_line' id='line_1_56' title="bbox 1056 2216 1833 2271; baseline 0.008 -9"><span class='ocrx_word' id='word_1_290' title='bbox 1056 2216 1174 2264; x_wconf 88' lang='lat' dir='ltr'>sunt.</span> <span class='ocrx_word' id='word_1_291' title='bbox 1263 2219 1400 2271; x_wconf 82' lang='lat' dir='ltr'>ardet,</span> <span class='ocrx_word' id='word_1_292' title='bbox 1454 2217 1582 2266; x_wconf 90' lang='lat' dir='ltr'>furit.</span> <span class='ocrx_word' id='word_1_293' title='bbox 1649 2219 1833 2268; x_wconf 87' lang='lat' dir='ltr'>fortiter</span> 
     </span>
     <span class='ocr_line' id='line_1_57' title="bbox 1053 2283 1833 2345; baseline 0.006 -18"><span class='ocrx_word' id='word_1_294' title='bbox 1053 2292 1246 2345; x_wconf 86' lang='lat' dir='ltr'>pugnat,</span> <span class='ocrx_word' id='word_1_295' title='bbox 1279 2284 1416 2330; x_wconf 81' lang='lat' dir='ltr'>mediis</span> <span class='ocrx_word' id='word_1_296' title='bbox 1431 2289 1475 2327; x_wconf 89' lang='lat' dir='ltr'>in</span> <span class='ocrx_word' id='word_1_297' title='bbox 1494 2283 1688 2339; x_wconf 76' lang='lat' dir='ltr'>millibus,</span> <span class='ocrx_word' id='word_1_298' title='bbox 1722 2283 1833 2332; x_wconf 82' lang='lat' dir='ltr'>doc-</span> 
     </span>
     <span class='ocr_line' id='line_1_58' title="bbox 1057 2344 1829 2409; baseline 0.009 -19"><span class='ocrx_word' id='word_1_299' title='bbox 1057 2344 1148 2392; x_wconf 90' lang='lat' dir='ltr'>tius</span> <span class='ocrx_word' id='word_1_300' title='bbox 1183 2363 1318 2409; x_wconf 84' lang='lat' dir='ltr'>quam</span> <span class='ocrx_word' id='word_1_301' title='bbox 1353 2346 1402 2392; x_wconf 91' lang='lat' dir='ltr'>in</span> <span class='ocrx_word' id='word_1_302' title='bbox 1434 2347 1565 2393; x_wconf 87' lang='lat' dir='ltr'>turba</span> <span class='ocrx_word' id='word_1_303' title='bbox 1606 2348 1677 2394; x_wconf 91' lang='lat' dir='ltr'>vel</span> <span class='ocrx_word' id='word_1_304' title='bbox 1714 2349 1829 2398; x_wconf 87' lang='lat' dir='ltr'>acie.</span> 
     </span>
     <span class='ocr_line' id='line_1_59' title="bbox 1057 2412 1832 2476; baseline 0.005 -20"><span class='ocrx_word' id='word_1_305' title='bbox 1057 2412 1256 2475; x_wconf 77' lang='lat' dir='ltr'>audetque</span> <span class='ocrx_word' id='word_1_306' title='bbox 1289 2417 1398 2456; x_wconf 80' lang='lat' dir='ltr'>viris</span> <span class='ocrx_word' id='word_1_307' title='bbox 1432 2431 1467 2457; x_wconf 88' lang='lat' dir='ltr'>c.</span> <span class='ocrx_word' id='word_1_308' title='bbox 1507 2418 1631 2476; x_wconf 79' lang='lat' dir='ltr'>virgo</span> <span class='ocrx_word' id='word_1_309' title='bbox 1650 2429 1705 2459; x_wconf 84' lang='lat' dir='ltr'>ex</span> <span class='ocrx_word' id='word_1_310' title='bbox 1729 2413 1832 2461; x_wconf 86' lang='lat' dir='ltr'>Ho-</span> 
     </span>
     <span class='ocr_line' id='line_1_60' title="bbox 1059 2474 1833 2539; baseline 0.005 -19"><span class='ocrx_word' id='word_1_311' title='bbox 1059 2474 1535 2535; x_wconf 71' lang='grc' dir='ltr'>ῐΠΕΓίΟΟ--Ἀμαζόνας</span> <span class='ocrx_word' id='word_1_312' title='bbox 1584 2479 1833 2539; x_wconf 73' lang='grc' dir='ltr'>ἀντιανείρας</span> 
     </span>
     <span class='ocr_line' id='line_1_61' title="bbox 1057 2537 1836 2604; baseline 0.009 -21"><span class='ocrx_word' id='word_1_313' title='bbox 1057 2537 1191 2586; x_wconf 87' lang='lat' dir='ltr'>Iliad.</span> <span class='ocrx_word' id='word_1_314' title='bbox 1232 2540 1272 2604; x_wconf 75' lang='grc' dir='ltr'>ζ,</span> <span class='ocrx_word' id='word_1_315' title='bbox 1313 2541 1419 2595; x_wconf 76' lang='grc'><strong>186,</strong></span> <span class='ocrx_word' id='word_1_316' title='bbox 1452 2562 1499 2599; x_wconf 72' lang='grc' dir='ltr'>«γ,</span> <span class='ocrx_word' id='word_1_317' title='bbox 1540 2546 1647 2603; x_wconf 87' lang='lat'>189,</span> <span class='ocrx_word' id='word_1_318' title='bbox 1678 2555 1836 2590; x_wconf 87' lang='lat' dir='ltr'>natum</span> 
     </span>
     <span class='ocr_line' id='line_1_62' title="bbox 1056 2602 1832 2666; baseline 0.008 -19"><span class='ocrx_word' id='word_1_319' title='bbox 1056 2602 1223 2658; x_wconf 91' lang='lat' dir='ltr'>videri,</span> <span class='ocrx_word' id='word_1_320' title='bbox 1257 2616 1470 2651; x_wconf 90' lang='lat' dir='ltr'>notarunt</span> <span class='ocrx_word' id='word_1_321' title='bbox 1485 2606 1577 2666; x_wconf 89' lang='lat' dir='ltr'>jam</span> <span class='ocrx_word' id='word_1_322' title='bbox 1600 2603 1695 2652; x_wconf 88' lang='lat' dir='ltr'>alii.</span> <span class='ocrx_word' id='word_1_323' title='bbox 1731 2607 1832 2653; x_wconf 91' lang='lat' dir='ltr'>To-</span> 
     </span>
     <span class='ocr_line' id='line_1_63' title="bbox 1057 2667 1834 2718; baseline 0.006 -6"><span class='ocrx_word' id='word_1_324' title='bbox 1057 2676 1129 2712; x_wconf 92' lang='lat' dir='ltr'>tus</span> <span class='ocrx_word' id='word_1_325' title='bbox 1168 2667 1245 2714; x_wconf 85' lang='lat' dir='ltr'>hic</span> <span class='ocrx_word' id='word_1_326' title='bbox 1274 2668 1331 2714; x_wconf 93' lang='lat' dir='ltr'>de</span> <span class='ocrx_word' id='word_1_327' title='bbox 1368 2668 1674 2715; x_wconf 86' lang='lat' dir='ltr'>Amazonibus</span> <span class='ocrx_word' id='word_1_328' title='bbox 1708 2669 1834 2718; x_wconf 77' lang='lat' dir='ltr'>locus</span> 
     </span>
     <span class='ocr_line' id='line_1_64' title="bbox 1059 2731 1478 2795; baseline 0.005 -18"><span class='ocrx_word' id='word_1_329' title='bbox 1059 2732 1121 2778; x_wconf 90' lang='lat' dir='ltr'>est</span> <span class='ocrx_word' id='word_1_330' title='bbox 1140 2731 1478 2795; x_wconf 78' lang='lat' dir='ltr'>pulcherrimus,</span> 
     </span>
    </p>

    <p class='ocr_par' dir='ltr' id='par_1_21' title="bbox 1057 2796 1841 3564">
     <span class='ocr_line' id='line_1_65' title="bbox 1122 2796 1833 2859; baseline 0.004 -17"><span class='ocrx_word' id='word_1_331' title='bbox 1122 2812 1219 2858; x_wconf 89' lang='lat'>494</span> <span class='ocrx_word' id='word_1_332' title='bbox 1259 2796 1356 2859; x_wconf 93' lang='lat' dir='ltr'>sqq.</span> <span class='ocrx_word' id='word_1_333' title='bbox 1412 2797 1533 2842; x_wconf 87' lang='lat' dir='ltr'>Cum</span> <span class='ocrx_word' id='word_1_334' title='bbox 1587 2796 1671 2843; x_wconf 88' lang='lat' dir='ltr'>hac</span> <span class='ocrx_word' id='word_1_335' title='bbox 1709 2813 1833 2845; x_wconf 89' lang='lat' dir='ltr'>oeco-</span> 
     </span>
     <span class='ocr_line' id='line_1_66' title="bbox 1063 2860 1830 2908; baseline 0.004 -3"><span class='ocrx_word' id='word_1_336' title='bbox 1063 2861 1216 2906; x_wconf 87' lang='lat' dir='ltr'>nomia</span> <span class='ocrx_word' id='word_1_337' title='bbox 1269 2876 1416 2906; x_wconf 87' lang='lat' dir='ltr'>rerum</span> <span class='ocrx_word' id='word_1_338' title='bbox 1468 2860 1529 2907; x_wconf 89' lang='lat' dir='ltr'>cf.</span> <span class='ocrx_word' id='word_1_339' title='bbox 1598 2861 1830 2908; x_wconf 88' lang='lat' dir='ltr'>laudatum</span> 
     </span>
     <span class='ocr_line' id='line_1_67' title="bbox 1060 2924 1836 2986; baseline 0.003 -16"><span class='ocrx_word' id='word_1_340' title='bbox 1060 2926 1212 2970; x_wconf 89' lang='lat' dir='ltr'>Iocum</span> <span class='ocrx_word' id='word_1_341' title='bbox 1250 2924 1408 2985; x_wconf 83' lang='lat' dir='ltr'>Odyff.</span> <span class='ocrx_word' id='word_1_342' title='bbox 1450 2946 1492 2980; x_wconf 73' lang='lat' dir='ltr'>n,</span> <span class='ocrx_word' id='word_1_343' title='bbox 1531 2940 1615 2984; x_wconf 86' lang='lat'>133</span> <span class='ocrx_word' id='word_1_344' title='bbox 1657 2925 1752 2986; x_wconf 87' lang='lat' dir='ltr'>sqq.</span> <span class='ocrx_word' id='word_1_345' title='bbox 1787 2936 1836 2972; x_wconf 88' lang='lat' dir='ltr'>et</span> 
     </span>
     <span class='ocr_line' id='line_1_68' title="bbox 1061 2988 1830 3053; baseline 0 -18"><span class='ocrx_word' id='word_1_346' title='bbox 1061 2989 1119 3035; x_wconf 93' lang='lat' dir='ltr'>de</span> <span class='ocrx_word' id='word_1_347' title='bbox 1140 3005 1183 3034; x_wconf 87' lang='lat' dir='ltr'>v.</span> <span class='ocrx_word' id='word_1_348' title='bbox 1207 2993 1475 3053; x_wconf 80' lang='lat'>498—503.</span> <span class='ocrx_word' id='word_1_349' title='bbox 1502 3005 1542 3034; x_wconf 87' lang='lat' dir='ltr'>v.</span> <span class='ocrx_word' id='word_1_350' title='bbox 1569 2988 1682 3034; x_wconf 87' lang='lat' dir='ltr'>Exc.</span> <span class='ocrx_word' id='word_1_351' title='bbox 1703 2989 1760 3033; x_wconf 90' lang='lat' dir='ltr'>ad</span> <span class='ocrx_word' id='word_1_352' title='bbox 1781 2989 1830 3035; x_wconf 89' lang='lat' dir='ltr'>h.</span> 
     </span>
     <span class='ocr_line' id='line_1_69' title="bbox 1061 3052 1831 3117; baseline 0 -19"><span class='ocrx_word' id='word_1_353' title='bbox 1061 3070 1105 3100; x_wconf 91' lang='lat' dir='ltr'>v.</span> <span class='ocrx_word' id='word_1_354' title='bbox 1171 3052 1463 3117; x_wconf 80' lang='lat' dir='ltr'>Comparatio</span> <span class='ocrx_word' id='word_1_355' title='bbox 1501 3052 1558 3097; x_wconf 89' lang='lat' dir='ltr'>est</span> <span class='ocrx_word' id='word_1_356' title='bbox 1601 3052 1831 3115; x_wconf 81' lang='lat' dir='ltr'>splendida</span> 
     </span>
     <span class='ocr_line' id='line_1_70' title="bbox 1063 3114 1841 3177; baseline 0.001 -15"><span class='ocrx_word' id='word_1_357' title='bbox 1063 3116 1261 3164; x_wconf 91' lang='lat' dir='ltr'>Didonis</span> <span class='ocrx_word' id='word_1_358' title='bbox 1312 3133 1414 3163; x_wconf 90' lang='lat' dir='ltr'>cum</span> <span class='ocrx_word' id='word_1_359' title='bbox 1460 3114 1627 3169; x_wconf 87' lang='lat' dir='ltr'>Diana,</span> <span class='ocrx_word' id='word_1_360' title='bbox 1697 3132 1841 3177; x_wconf 19' lang='lat' dir='ltr'>quam,</span> 
     </span>
     <span class='ocr_line' id='line_1_71' title="bbox 1060 3180 1834 3244; baseline 0 -17"><span class='ocrx_word' id='word_1_361' title='bbox 1060 3181 1266 3228; x_wconf 66' lang='lat' dir='ltr'>traRavit</span> <span class='ocrx_word' id='word_1_362' title='bbox 1286 3187 1422 3244; x_wconf 71' lang='lat' dir='ltr'>poeta</span> <span class='ocrx_word' id='word_1_363' title='bbox 1453 3180 1548 3243; x_wconf 89' lang='lat' dir='ltr'>post</span> <span class='ocrx_word' id='word_1_364' title='bbox 1579 3180 1834 3227; x_wconf 86' lang='lat' dir='ltr'>Homerum</span> 
     </span>
     <span class='ocr_line' id='line_1_72' title="bbox 1061 3242 1833 3306; baseline 0.001 -15"><span class='ocrx_word' id='word_1_365' title='bbox 1061 3245 1158 3292; x_wconf 88' lang='lat' dir='ltr'>Od.</span> <span class='ocrx_word' id='word_1_366' title='bbox 1209 3244 1249 3305; x_wconf 87' lang='grc' dir='ltr'>ζ,</span> <span class='ocrx_word' id='word_1_367' title='bbox 1288 3261 1371 3293; x_wconf 86' lang='lat'>101</span> <span class='ocrx_word' id='word_1_368' title='bbox 1422 3242 1483 3306; x_wconf 89' lang='lat' dir='ltr'>sq.</span> <span class='ocrx_word' id='word_1_369' title='bbox 1528 3254 1574 3289; x_wconf 90' lang='lat' dir='ltr'>et</span> <span class='ocrx_word' id='word_1_370' title='bbox 1615 3244 1833 3305; x_wconf 81' lang='lat' dir='ltr'>Apollon.</span> 
     </span>
     <span class='ocr_line' id='line_1_73' title="bbox 1063 3308 1833 3373; baseline -0.003 -18"><span class='ocrx_word' id='word_1_371' title='bbox 1063 3309 1155 3358; x_wconf 89' lang='lat' dir='ltr'>Rh.</span> <span class='ocrx_word' id='word_1_372' title='bbox 1179 3309 1268 3364; x_wconf 90' lang='lat' dir='ltr'>III,</span> <span class='ocrx_word' id='word_1_373' title='bbox 1304 3311 1357 3373; x_wconf 90' lang='lat'>87</span> <span class='ocrx_word' id='word_1_374' title='bbox 1367 3327 1391 3373; x_wconf 79' lang='lat'>5·</span> <span class='ocrx_word' id='word_1_375' title='bbox 1425 3308 1519 3369; x_wconf 87' lang='lat' dir='ltr'>sqq.</span> <span class='ocrx_word' id='word_1_376' title='bbox 1565 3308 1717 3372; x_wconf 80' lang='lat' dir='ltr'>qualis,</span> <span class='ocrx_word' id='word_1_377' title='bbox 1751 3323 1833 3371; x_wconf 87' lang='lat' dir='ltr'>pro</span> 
     </span>
     <span class='ocr_line' id='line_1_74' title="bbox 1061 3370 1835 3437; baseline -0.004 -18"><span class='ocrx_word' id='word_1_378' title='bbox 1061 3374 1271 3437; x_wconf 88' lang='lat' dir='ltr'>qualiter,</span> <span class='ocrx_word' id='word_1_379' title='bbox 1303 3389 1392 3435; x_wconf 93' lang='lat' dir='ltr'>quo</span> <span class='ocrx_word' id='word_1_380' title='bbox 1412 3370 1568 3417; x_wconf 86' lang='lat' dir='ltr'>habitu</span> <span class='ocrx_word' id='word_1_381' title='bbox 1579 3391 1592 3428; x_wconf 91' lang='lat'>;</span> <span class='ocrx_word' id='word_1_382' title='bbox 1626 3387 1708 3435; x_wconf 93' lang='lat' dir='ltr'>pro</span> <span class='ocrx_word' id='word_1_383' title='bbox 1726 3388 1835 3434; x_wconf 86' lang='lat' dir='ltr'>qua-</span> 
     </span>
     <span class='ocr_line' id='line_1_75' title="bbox 1060 3436 1834 3493; baseline -0.003 -10"><span class='ocrx_word' id='word_1_384' title='bbox 1060 3438 1118 3484; x_wconf 88' lang='lat' dir='ltr'>lis</span> <span class='ocrx_word' id='word_1_385' title='bbox 1164 3439 1242 3493; x_wconf 90' lang='lat' dir='ltr'>est,</span> <span class='ocrx_word' id='word_1_386' title='bbox 1315 3453 1419 3483; x_wconf 90' lang='lat' dir='ltr'>cum</span> <span class='ocrx_word' id='word_1_387' title='bbox 1473 3449 1631 3483; x_wconf 84' lang='lat' dir='ltr'>exercet</span> <span class='ocrx_word' id='word_1_388' title='bbox 1682 3436 1834 3490; x_wconf 76' lang='lat' dir='ltr'>choros,</span> 
     </span>
     <span class='ocr_line' id='line_1_76' title="bbox 1057 3498 1839 3564; baseline -0.009 -14"><span class='ocrx_word' id='word_1_389' title='bbox 1057 3500 1205 3557; x_wconf 82' lang='lat' dir='ltr'>ducit,</span> <span class='ocrx_word' id='word_1_390' title='bbox 1225 3499 1433 3551; x_wconf 85' lang='lat' dir='ltr'>instituit.</span> <span class='ocrx_word' id='word_1_391' title='bbox 1486 3498 1523 3546; x_wconf 90' lang='lat' dir='ltr'><strong>F</strong></span> <span class='ocrx_word' id='word_1_392' title='bbox 1525 3508 1839 3564; x_wconf 82' lang='lat' dir='ltr'>requentantur</span> 
     </span>
    </p>

    <p class='ocr_par' dir='ltr' id='par_1_22' title="bbox 1686 3574 1835 3610">
     <span class='ocr_line' id='line_1_77' title="bbox 1686 3574 1835 3610; baseline 0 0"><span class='ocrx_word' id='word_1_393' title='bbox 1686 3574 1835 3610; x_wconf 83' lang='lat' dir='ltr'>autem</span> 
     </span>
    </p>
   </div>
  </div>
 </body>
</html>
