2294 4030
451 307 572 374 332

693 287 1314 365 P.,v1RG1‘L11
1382 289 1880 358 MARONIS

460 450 647 523 Mons
677 452 929 525 circum,
944 465 1018 523 --et
1046 453 1280 533 mugire
1304 452 1497 532 adytis
1525 454 1756 517 cortina
1782 455 2041 518 reclusis,
2097 507 2107 533 „

465 561 745 626 Submiffi
772 564 1033 643 petimus
1061 579 1304 636 terram,
1333 578 1393 622 et
1421 585 1550 624 vox⁴
1569 564 1759 629 fertur
1780 567 1859 627 ad
1886 549 2076 627 auris:

465 678 837 747 Dardanidae
865 678 1020 752 duri,
1061 699 1200 759 quae
1230 700 1335 739 vos
1364 701 1399 738 a
1424 680 1603 760 stirpe
1628 695 1945 761 parentum
1995 722 1999 730 ‹

464 795 671 860 Prima
696 794 835 855 tulit
863 795 1060 866 telluS,
1087 793 1298 854 eadem
1324 814 1430 854 vos
1455 795 1637 855 ubere
1665 797 1806 859 laeto

468 908 759 988 Adcipiet
789 908 1056 969 reduceS.

1944 797 2104 876 '95

1142 907 1479 986 Antiquam
1507 908 1800 989 exquirite
1834 924 2114 973 matrem.

469 1024 603 1090 Hic
631 1023 847 1083 domus
876 1020 1087 1083 AEneae
1113 1019 1340 1082 cunffis
1369 1020 1780 1084 dominabitur
1807 1022 1951 1096 oriS,

468 1139 556 1204 Et
585 1139 709 1198 nati
740 1150 1039 1207 natorum,
1069 1149 1127 1194 et
1155 1135 1259 1214 qui
1289 1133 1603 1196 nascentur
1630 1135 1705 1194 ab
1735 1135 1877 1194 illis,

473 1248 637 1308 Haec
661 1249 924 1312 Phoebus
951 1271 966 1308 ε
1007 1247 1320 1326 mixtoque
1352 1245 1559 1328 ingens
1589 1261 1790 1309 exorta
1817 1249 2078 1311 tumultu

475 1358 753 1422 Laetitia:
782 1373 840 1417 et
852 1358 1073 1429 cuncti,
1084 1378 1219 1443 quae
1232 1357 1343 1415 fint
1356 1379 1421 1416 ea
1435 1361 1679 1433 moenia,
1690 1377 1991 1440 quaerunt;
2011 1382 2122 1424 100

475 1455 621 1553 Qo
648 1472 919 1533 Phoebus
949 1487 1121 1534 vocet
1151 1472 1422 1546 errantis,
1445 1471 1774 1557 jubeatque
1802 1479 2035 1541 reverti.
2060 1455 2064 1462 Ι

533 1677 603 1722 93.
646 1678 681 1708 et
716 1666 823 1708 deest
843 1665 960 1711 Leid,
990 1676 1032 1709 et
1065 1666 1234 1706 Oudart.
1290 1667 1343 1706 ad
1358 1681 1469 1706 auras
1490 1646 1644 1718 aliilirot
1663 1666 1769 1711 Pier.
1788 1668 1863 1709 sec.
1894 1665 2043 1708 Hamb.
2081 1674 2123 1706 et

479 1736 604 1783 Witt.
637 1756 676 1783 V.
711 1743 798 1795 sup.
829 1755 869 1782 V.
909 1753 1155 1794 4o.———-94.
1187 1735 1230 1781 de
1247 1742 1360 1795 stirpe
1379 1741 1530 1792 aliquot
1551 1740 1739 1781 Pieriani.

481 1806 680 1847 Rottend.
705 1820 780 1860 pro
800 1819 885 1845 var.
915 1806 1009 1846 leci.
1052 1807 1118 1845 vel
1151 1818 1218 1846 toto
1237 1808 1369 1859 Sprot.

481 1871 649 1924 interpr.

764 1870 831 1923 98.
883 1871 928 1910 ab
962 1872 1040 1925 z’psts
1073 1874 1173 1910 Ven.

1283 1882 1349 1923 99.
1379 1872 1493 1910 excita
1531 1870 1697 1922 Hugen.

1853 1754 1876 1796 9
1879 1752 1918 1789 5.
1949 1742 2036 1781 Iaeta
2055 1752 2119 1792 pr.

1483 1803 1551 1857 96.
1601 1819 1683 1860 exq.
1707 1817 1837 1845 terram
1859 1805 2019 1845 Zulich.
2076 1817 2126 1844 ex

1809 1880 1901 1910 100.
1933 1873 2011 1925 fine
2045 1872 2126 1917 hcet:

482 1936 594 1977 ven.
651 1935 827 1990 quaesunt
847 1935 983 1983 Leid.‚
1000 1936 1067 1975 sed
1086 1950 1125 1976 v.
1146 1937 1284 1977 Burm.
1303 1935 1353 1976 cf.
1373 1935 1458 1991 sup.
1473 1936 1523 1984 11,
1543 1944 1838 1988 123,-—-101.
1859 1933 2041 1992 jubeatve
2058 1933 2125 1980 ed:

484 1998 584 2043 Ald.
616 2007 656 2039 et
678 2001 792 2056 Junt.
819 1998 945 2043 Goth.
969 2012 1032 2055 pr.

484 2167 563 2215 que
583 2148 819 2215 laurusque.
861 2167 908 2200 v.
935 2150 1092 2198 Burm.
1143 2153 1271 2199 Mons

486 2223 658 2269 circum,
704 2215 928 2278 Cynthus.
987 2216 1113 2263 Nam
1157 2230 1269 2264 tem-

491 2281 620 2342 plum
642 2279 691 2326 in
714 2296 874 2343 campo
900 2279 1031 2326 situm
1051 2300 1064 2336 3
1113 2299 1156 2329 v.
1182 2281 1272 2330 Vir

488 2343 654 2397 ,doctus
668 2343 830 2390 Exere.
845 2344 902 2390 de
917 2344 1035 2391 Delo
1047 2344 1270 2409 sup.laud.

491 2423 602 2473 pag.
626 2424 705 2471 90.
750 2416 925 2463 cortina,
959 2412 1102 2467 ὅλμος,
1137 2427 1268 2474 oper-

494 2474 651 2519 culum
691 2472 902 2536 tripodis,
946 2479 1099 2539 mugit,
1138 2488 1274 2524 vento

496 2535 783 2584 subterraneo
805 2554 830 2586 e
846 2536 997 2600 specu,
1033 2539 1111 2585 cui
1128 2540 1275 2603 impo-

497 2601 582 2652 fita
598 2602 677 2657 est,
698 2601 921 2665 surgente,
944 2604 1160 2666 siquidem
1182 2622 1278 2652 cre-

498 2666 608 2713 dere
621 2665 748 2721 licet‚
773 2666 830 2712 ad
850 2666 1068 2730 Delphici
1087 2669 1280 2732 tripodis

499 2729 635 2781 instar
647 2730 743 2777 haec
766 2730 892 2778 fuisse
906 2731 1187 2781 adumbrata.
1211 2734 1277 2782 cf.

501 2795 744 2858 Spanhem.
769 2796 827 2842 ad
845 2795 914 2847 H.
958 2797 1010 2844 in
1031 2796 1094 2846 D.
1133 2814 1178 2845 v.
1198 2815 1279 2862 90.

490 2861 638 2922 ,adytis
653 2858 830 2923 reclzfis,
845 2859 942 2923 ipso
963 2862 1123 2926 templi
1145 2879 1279 2927 pene-

492 2924 611 2971 -trali
620 2940 698 2988 per
707 2935 882 2971 motum
893 2936 1020 2973 terrae
1031 2928 1254 2990 patefacio
1266 2948 1281 2986 3

504 2988 590 3042 nisi
618 2991 748 3051 aayta
770 2989 827 3034 de
846 2987 944 3053 ipsa
961 2990 1041 3043 illa
1070 2990 1283 3056 spelunca

507 3051 713 3117 accipere
735 3053 883 3104 malis.

573 3133 604 3181 9
611 3134 655 3179 3.
692 3116 886 3177 Submgffi'
910 3126 1081 3182 petimus
1106 3135 1287 3176 terram,

506 3181 743 3244 exquisite,
756 3183 1090 3245 provolvimur;
1116 3186 1285 3239 Lucre„

508 3246 636 3295 tiano
651 3246 869 3309 loquendi
888 3264 1029 3304 more,

572 3314 784 3373 94—98.
818 3311 1086 3367 Graculum,
1122 3331 1287 3380 magna

507 3389 618 3424 cum
658 3385 753 3422 arte
791 3376 937 3423 verbis
973 3375 1287 3443 sententiisque

1350 2161 1443 2208 tur,
1485 2150 1688 2214 respicit,
1732 2148 1826 2198 vid.
1871 2148 1957 2196 inf.
2005 2144 2126 2212 163}

1351 2229 1485 2279 atque
1527 2216 1632 2262 hinc
1679 2215 1978 2268 Dardanidas,
2034 2229 2128 2264 non

1352 2279 1527 2329 Teucros
1549 2292 1625 2327 aut
1647 2280 1739 2326 alio
1762 2278 1964 2334 nomine,
2007 2293 2127 2328 nunc

1352 2346 1596 2409 appellatos
1631 2345 1730 2390 vult
1758 2342 1971 2390 Macrob.
2017 2339 2128 2389 Iin
2193 2389 2196 2392 ,

1354 2411 1430 2457 So.
1455 2410 1580 2473 Scip.
1627 2426 1652 2473 7
1684 2420 1730 2455 et
1762 2408 1884 2455 Serv.
1930 2406 1988 2455 ad
2009 2406 2057 2453 h.
2092 2406 2127 2460 l.

1351 2477 1468 2531 duri,
1504 2474 1679 2521 labores
1715 2484 1784 2523 tot
1821 2470 2015 2535 experti,
2056 2491 2133 2520 vo·

1354 2541 1615 2597 λυτλήμονες.
1661 2537 1779 2585 Uber
1796 2550 1922 2585 terrae
1941 2535 2131 2598 antiqua

1356 2604 1572 2668 loquendi
1586 2603 1733 2650 forma
1748 2602 1796 2648 in
1815 2613 2022 2648 ornatum
2035 2615 2131 2646 ver-

1356 2669 1404 2716 sa
1425 2686 1469 2717 v.
1491 2669 1549 2716 ad
1572 2667 1616 2725 I,
1640 2683 1749 2731 531,
1790 2667 1838 2714 h.
1862 2666 1894 2711 l.
1926 2680 2012 2728 pro
2034 2663 2131 2726 ipso

1357 2732 1470 2783 solo.
1537 2731 1704 2781 Versus
1726 2747 1805 2795 97,
1845 2732 1906 2791 98
1942 2727 2132 2776 nobilis,

1360 2798 1460 2849 fimi
1478 2797 1547 2846 illi
1569 2795 1808 2844 Homerici
1826 2792 1926 2841 sunt
1940 2791 2074 2841 Iliad.
2091 2814 2133 2850 v,

1362 2880 1472 2927 307·
1501 2864 1591 2925 308
1638 2867 1720 2913 Νῦν
1752 2860 1792 2908 δὲ
1815 2859 1861 2910 δὴ
1883 2859 2042 2906 Αἰνείαο
2062 2860 2134 2911 filu

1361 2931 1565 2991 Τξῶεσσιν
1585 2927 1745 2984 ἀνάξει,
1758 2923 1847 2972 Ka)
1864 2922 2011 2972 παῖδες
2029 2926 2134 2971 παί-

1361 2993 1524 3050 δων,τοι’
1540 3014 1603 3045 κεν
1621 2987 1855 3050 μετόπισθε
1877 2993 2067 3048 γένοιντο,
2076 3003 2134 3037 ex

1364 3055 1585 3122 Neptuni
1603 3055 1791 3130 persona
1827 3052 1973 3111 diffl3
2015 3068 2135 3101 nunc

1363 3122 1559 3171 feliciter
1600 3137 1650 3168 m
1690 3119 1852 3167 sortem
1907 3116 2139 3182 Apollinis

1363 3187 1492 3237 verfi.
1558 3183 1862 3236 Memorabile
1896 3183 1977 3239 est,
2011 3181 2136 3247 quod

1361 3250 1412 3305 h.
1449 3252 1483 3300 l.
1529 3249 1708 3299 Servius
1740 3247 1909 3302 habet:
1972 3243 2138 3311 Orpheo
2214 3278 2218 3285 f

1356 3316 1484 3370 ¹hunc
1531 3313 1833 3362 Homericum
1867 3308 2040 3360 versum
2071 3308 2139 3371 al]-

1364 3391 1509 3427 terum
1530 3383 1603 3444 effi
1622 3377 1858 3442 sublatum.
1924 3374 2032 3422 Item
2051 3374 2139 3422 Or,-

490 3439 1012 3506 .c9nceptu1n,1taliam,
1026 3444 1144 3492 unde
1166 3443 1286 3492 Dar·
1354 3445 1491 3509 pheus
1524 3446 1574 3491 de
1602 3443 1764 3492 oraculo
1798 3438 2006 3503 Apollinis
2041 3438 2138 3505 ‘Hyg-

486 3503 654 3559 -dfflui
668 3504 896 3573 Olligspssm
916 3506 1082 3565 habete,
1112 3508 1286 3588 ῖςῐέἱὶέξ-
1355 3509 1546 3581 perberci
1562 3507 1624 3565 sc,
1646 3505 1797 3565 sumsit
1813 3520 1826 3550 :
1851 3519 1954 3551 nam
1970 3502 2036 3562 ita
2053 3502 2138 3562 effe

1775 3555 2146 3642 intelligentium,
