2372 4030
327 341 821 413 TRACTAT.
856 342 1492 423 INVENTIONE.
1547 375 1840 427 LXXXIX

205 520 479 598 stellam,
527 544 679 612 quae
725 520 1152 614 profectionis
1215 529 1558 616 augurium
1607 511 1836 612 fuerat,

201 636 359 704 AEn.
395 637 488 714 ΙΙ,
541 634 677 727 694
709 635 837 727 sq„
886 639 947 705 ei
978 639 1266 707 debitam
1301 641 1481 706 fuiffe
1513 647 1840 732 probabile

200 748 278 817 fit
305 778 324 815 ε
374 769 531 816 curn
563 763 786 816 contra
815 749 926 815 alii
983 751 1321 819 Mercurio
1370 754 1614 844 aliquas
1662 783 1733 824 ea
1771 762 1841 829 in

198 883 269 928 re
327 874 543 950 partes
613 857 897 927 tribuiffe
958 860 1320 940 videantur,
1390 883 1709 953 quantum
1758 894 1840 937 cx

145 979 147 985 ’
199 973 514 1040 Marcelli
564 972 632 1039 in
666 972 998 1062 Regillam
1050 974 1328 1040 Herodis
1377 1001 1649 1044 uxorem
1705 1005 1842 1047 car-

196 1088 406 1164 mine,
455 1085 824 1152 aSalmafio
848 1084 1168 1163 restitutO,
1204 1088 1634 1177 intelligitur:
1685 1119 1839 1163 nam

193 1198 290 1267 ibi
318 1195 546 1265 lunula
584 1195 654 1260 in
696 1194 1079 1259 Senatorum
1130 1196 1359 1262 calceis
1411 1200 1560 1265 inde
1604 1206 1838 1292 repeti·-

193 1327 321 1388 tur,
400 1309 576 1402 quod
636 1312 823 1375 Luna
865 1309 1118 1373 lucente
1174 1308 1271 1400 (v.
1325 1311 1411 1385 II,
1461 1334 1616 1402 255.
1668 1318 1837 1388 Exc.

192 1427 265 1493 II
299 1424 376 1491 ad
425 1424 546 1490 lib.
582 1424 680 1489 III
711 1420 847 1514 pr.)
902 1423 1271 1489 Mercurius
1311 1426 1531 1492 miffus
1563 1431 1836 1501 AEneam

11 1599 12 1602 ,
121 1614 123 1619 ,
187 1540 348 1607 urbe
379 1555 566 1631 capta
593 1540 924 1607 eduxerat.
977 1540 1180 1605 Aliud
1216 1541 1479 1607 Veneris
1503 1547 1836 1613 monitum

188 1655 360 1745 apud
414 1655 764 1726 Cononem
819 1669 1144 1720 narratum
1201 1653 1453 1732 fuerat3
1504 1682 1540 1722 a
1595 1658 1833 1729 Photio

187 1771 358 1836 male
381 1787 765 1861 excerptum
797 1769 1109 1836 habemus
1146 1795 1201 1837 e.
1240 1771 1327 1854 46
1364 1774 1598 1839 AEneas
1633 1777 1832 1866 Troja

186 1885 464 1960 excedit,
511 1897 621 1972 πρὸς
666 1894 803 1962 ἥλιον
849 1899 1125 1964 ἀνίσχοντα
1165 1894 1331 1965 ᾤ’χετο
1378 1902 1513 1956 κατὰ
1543 1901 1838 1977 Ἀφροδίτης

184 2014 489 2080 ἐπίσκηψιν;
537 1998 761 2065 debuit
819 1983 1048 2087 utique
1100 1998 1184 2066 ad
1230 2001 1576 2067 occidentem
1629 2001 1830 2070 solem

92 2145 97 2148 ’
180 2136 474 2204 pergere.
533 2112 711 2179 Mox
749 2111 1084 2201 mugiente
1116 2111 1280 2178 bove
1307 2112 1481 2179 Idaea
1514 2130 1825 2184 terrarum

181 2229 350 2297 circa
377 2230 634 2320 AEnum
669 2229 1086 2296 Macedoniae
1141 2231 1499 2320 imperium
1529 2230 1784 2323 suscipit
1800 2264 1824 2310 ,·

183 2384 312 2419 τετυ
337 2361 435 2436 γὰρ
457 2362 720 2430 Αφροδίτη
746 2355 1039 2424 ἐπέσκηψα
1083 2345 1172 2411 cf.
1233 2347 1312 2411 de
1358 2347 1484 2412 hoc
1532 2348 1826 2413 Cononis

178 2464 327 2530 loco
379 2462 546 2527 Exc.
585 2461 642 2526 I.
699 2459 780 2525 ad
829 2460 947 2526 lib.
982 2461 1105 2536 ΙΙΙ,
1139 2485 1207 2550 p.
1248 2483 1311 2548 3.
1394 2463 1611 2528 Etiam
1656 2486 1823 2551 prae-

179 2581 538 2647 dictionem
571 2579 778 2654 illam,
813 2574 981 2643 sedis
1019 2576 1374 2644 condendae
1404 2579 1625 2644 locum
1656 2577 1821 2644 fata-

176 2695 312 2764 lem
357 2695 551 2760 illum
596 2691 763 2768 fore,
813 2692 930 2759 ubi
986 2690 1162 2758 fame
1208 2690 1522 2780 compulfi
1571 2690 1817 2757 mensas

176 2807 617 2886 comedissent,
658 2807 801 2899 jam
849 2807 1106 2899 pridem
1140 2805 1444 2873 Anchisae
1494 2830 1531 2871 a
1571 2807 1817 2872 Venere

177 2923 449 3001 fastam,
501 2946 537 2987 e
607 2918 864 2988 Caesare
918 2921 1034 2986 lib.
1093 2922 1125 2985 Ι
1165 2937 1226 2985 et
1277 2920 1540 2987 Lutatio
1583 2921 1698 2985 lib.
1748 2920 1813 2984 Π

174 3052 402 3108 monet
432 3035 665 3103 Victor
694 3035 783 3100 O.
822 3034 911 3102 G.
947 3036 1034 3103 R.
1073 3058 1095 3100 1
1121 3058 1142 3100 1
1191 3032 1344 3102 Tum
1376 3034 1651 3120 Anchg'fa
1672 3057 1813 3098 con-

147 3151 436 3246 jiciente,
484 3151 652 3218 illam
681 3149 789 3242 ff
825 3152 1200 3239 miseriarum
1231 3150 1566 3239 erroresque
1585 3148 1808 3235 finem,

170 3267 395 3358 quippe
419 3267 792 3347 meminerat,
852 3270 1131 3334 Venerem
1152 3267 1288 3355 fibi
1303 3251 1810 3354 aliquanddprae-

95 3471 122 3475 .-
163 3378 376 3479 dtbefffi’
402 3396 528 3451 etc.
571 3396 636 3452 et
681 3366 828 3481 cap.
881 3405 924 3477 9
978 3404 1062 3451 ex
1109 3377 1486 3451 Alexandro
1527 3375 1810 3472 Ephefio

505 3523 507 3526 ·
1685 3494 1802 3567 lib.
