2294 4030
568 301 1077 382 AEN'EIDOS,
1146 310 1332 372 LIB.
1385 313 1470 374 11.
1734 334 1852 399 231

225 463 505 549 Custodes
532 467 773 532 sufferre
799 474 1017 535 valent.
1104 475 1294 536 Labat
1319 479 1496 539 ariete
1522 480 1732 542 crebro

219 577 428 658 Janua,
468 596 528 644 et
551 583 735 642 emoti
762 586 1169 663 procumbunt
1193 589 1431 649 cardine
1458 594 1669 671 postes.

221 692 322 752 Fit
349 693 444 750 via
470 693 565 752 vi:
610 710 896 773 rumpunt
922 696 1133 769 adituS,
1176 699 1522 780 primosque
1552 709 1853 774 trucidant

1735 842 1851 904 495
1879 902 1884 910 ,

218 915 360 978 Non
388 920 486 994 fic,
527 921 843 1001 aggeribus
869 924 1080 1002 ruptiS,
1121 945 1307 1003 quum
1354 926 1631 1005 spumeus
1665 938 1857 997 amnis

216 1030 404 1106 Exiit,
445 1034 856 1114 oppofitasque
885 1039 1065 1098 evicit
1091 1042 1330 1121 gurgite
1359 1044 1565 1115 moles,

218 1145 430 1206 Fertur
443 1146 506 1204 in
521 1167 658 1206 arva
676 1146 870 1206 furens
888 1151 1147 1223 curnu10‚
1160 1153 1518 1233 camposque
1532 1177 1639 1235 per
1659 1161 1857 1222 omnis

218 802 445 864 Inmiffi
471 806 682 877 Danai,
724 821 784 865 et
810 808 925 866 late
953 808 1083 867 loca
1112 810 1304 870 milite
1329 815 1625 893 conplent.

219 1259 378 1320 Cum
407 1261 643 1320 stabulis
670 1279 936 1322 armenta
965 1267 1163 1327 trahit.
1252 1268 1391 1327 Vidi
1420 1270 1542 1348 ipse
1559 1272 1859 1335 furentem

220 1371 405 1432 Caede
466 1372 961 1452 Neoptolemum,
1040 1377 1427 1458 geminosque
1510 1382 1572 1439 in
1647 1383 1859 1445 limine

463 1487 703 1549 Atridas
1741 1516 1858 1577 500

141 1631 143 1637 ·
213 1600 357 1664 Vidi
400 1604 743 1678 Hecubam,
802 1620 1162 1686 centumque
1191 1629 1389 1683 nurus,
1435 1608 1858 1694 Priamumque

458 1746 568 1806 per
589 1745 714 1784 aras

264 1923 362 1966 492.
380 1913 548 1968 fhbferre
566 1913 734 1966 aliquot.
785 1913 952 1968 preferre
984 1913 1061 1955 sec.
1098 1915 1249 1955 Moret.
1363 1928 1457 1971 493.
1486 1929 1587 1958 emoto
1611 1922 1751 1960 cardine
1770 1921 1858 1960 No-

211 1978 301 2020 nius
319 1990 379 2029 ap.
404 1978 597 2024 Pieriam,
629 1977 859 2029 Hamburg.
889 1986 928 2016 et
949 1978 1010 2015 ed.
1024 1981 1127 2016 Ven.
1185 1980 1284 2017 Sane
1314 1990 1532 2032 utrumque
1565 1984 1672 2021 reete
1695 1984 1859 2032 dicitur,

212 2041 336 2081 etiam
355 2053 380 2094 3-
397 2042 526 2093 poe'ta.
575 2053 614 2078 v.
635 2041 817 2092 exempla
837 2054 898 2093 ap.
925 2041 1064 2080 Heins.
1085 2051 1124 2081 et
1141 2042 1213 2081 inf.
1234 2057 1270 2081 v.
1292 2043 1386 2084 610.
1415 2047 1486 2093 V1,
1506 2046 1607 2095 382;
1649 2048 1858 2100 vulgatam

210 2111 345 2161 tamen
365 2104 589 2144 suaviorem
609 2104 684 2143 effe
704 2113 819 2157 puto-
876 2116 997 2144 remoto
1031 2122 1060 2145 c.
1097 2109 1232 2147 Franc.
1290 2109 1405 2147 ordine
1429 2120 1469 2162 p.
1514 2110 1647 2161 Bigot.
1760 2124 1865 2163 494,

141 2166 150 2184 ¹
211 2171 409 2223 irrumpunt
427 2167 672 2220 Hamburg.,
699 2168 833 2206 minus
863 2167 981 2208 bene.
1037 2172 1184 2223 rapiunt
1218 2172 1301 2209 MS.
1340 2171 1522 2218 Fabricii,
1547 2172 1662 2220 bene,
1688 2173 1754 2212 sed
1773 2188 1858 2214 non

208 2231 251 2271 h.
271 2231 300 2273 l.
411 2231 506 2284 496.
525 2227 620 2284 497ζ
650 2248 726 2273 cum
731 2233 894 2289 spumeus
913 2234 985 2270 exit
1003 2233 1130 2272 Amnis
1157 2244 1190 2271 et
1220 2235 1385 2286 oppcfitas
1405 2238 1537 2274 evincit
1559 2236 1707 2275 Hamb.
1728 2251 1786 2288 pr.
1794 2269 1805 2286 ,
1832 2254 1857 2279 a

212 2308 336 2336 manu
355 2293 665 2349 interpolatrice.
778 2307 872 2348 497.
894 2294 993 2346 ejecit
1009 2297 1111 2335 Ven.
1170 2299 1287 2350 erupit
1310 2297 1493 2336 Macrob.
1518 2299 1571 2345 V,
1590 2311 1629 2347 5.
1686 2303 1799 2340 trahit
1812 2303 1857 2341 de

204 2376 248 2414 g.
271 2358 447 2399 Scheffer
463 2373 511 2399 ex
531 2373 568 2400 V.
591 2373 685 2412 499.
743 2362 909 2415 oppqfitas
942 2362 1076 2399 evincit
1097 2360 1222 2398 Goth.
1243 2369 1333 2400 tert.
1448 2361 1541 2413 498.
1568 2378 1668 2401 arma
1688 2364 1766 2403 duo
1786 2380 1854 2419 ap.

209 2424 349 2462 Burm.
404 2423 535 2462 tumulo
553 2423 733 2463 ed.Ven.
849 2434 940 2474 499.
971 2426 1068 2476 rapit
1089 2425 1259 2475 Menag.
1283 2436 1365 2475 pr.‚
1394 2432 1438 2462 ut
1458 2432 1498 2462 et
1528 2424 1620 2462 alibi
1652 2437 1858 2476 permuta-

150 2484 153 2485 ’
209 2495 277 2526 tur
295 2498 388 2526 cum
406 2488 532 2526 trahit.
580 2498 696 2540 parat
711 2485 855 2525 Hamb.
877 2486 948 2525 sec.
995 2487 1205 2540 frementem
1222 2486 1421 2534 Parthas„
1441 2487 1550 2539 quod
1567 2487 1753 2541 praeferas
1765 2492 1857 2544 post

197 2549 334 2607 furens
352 2550 557 2604 498.--
557 2562 654 2601 500.
682 2565 752 2606 que
770 2549 875 2589 abest
891 2549 1026 2603 Bigot.
1082 2551 1233 2591 Atrides
1253 2563 1311 2603 pr.
1337 2550 1488 2600 Hamb,

1072 2686 1239 2750 suoque
1260 2704 1403 2735 more.
1470 2686 1687 2752 Expende
1704 2689 1852 2751 fingu

1066 2751 1125 2799 13.
1177 2759 1334 2816 firtur
1346 2752 1502 2801 cumulo
1540 2769 1653 2822 aqua
1693 2769 1852 2800 cumu-

1066 2816 1172 2863 lata.
1210 2833 1252 2862 v.
1278 2816 1373 2880 sup.
1404 2832 1489 2880 105
1526 2816 1747 2880 insequitur
1779 2836 1854 2866 cu.

206 2689 268 2739 sc.
312 2688 376 2745 se,
428 2688 634 2736 sustinere
677 2687 764 2762 se.
816 2694 988 2735 arietem

206 2752 355 2803 nolim
386 2753 589 2817 accipere
610 2730 820 2818 proprie,
855 2752 988 2824 quip-

205 2835 263 2885 pe
310 2818 437 2891 quod
495 2818 730 2865 inventum
773 2816 989 2880 Trojanis

204 2881 483 2955 temporibus
517 2881 652 2930 serius
696 2882 770 2928 est.
822 2882 886 2928 cf.
928 2880 987 2926 ad

205 2964 319 3012 441.
407 2945 496 2993 Sed
537 2947 595 2993 de
637 2944 903 2994 arietatione
943 2957 988 2993 et

206 3009 456 3076 pulsatione
496 3026 549 3058 ac
595 3011 877 3058 concuflione
913 3009 985 3056 fo-

206 3077 326 3125 rium
359 3073 418 3122 ad
457 3074 610 3123 arietis
656 3075 805 3123 instar.
872 3090 984 3140 494.

207 3141 435 3201 Rumpunt
460 3140 617 3195 aditus,
687 3139 863 3187 faciunt
904 3139 987 3186 fibi

202 3204 407 3262 aditum3
460 3213 507 3250 at
547 3215 717 3267 quanto
757 3203 986 3268 potentius

202 3266 355 3317 illud!

237 3332 545 3407 496—499·
575 3346 622 3378 v·
659 3330 756 3406 sup·
783 3331 842 3379 ad
869 3347 981 3396 305·

124 3392 135 3398 ⁷*
203 3374 285 3445 ubi
303 3395 436 3470 hujus
451 3395 798 3469 comparationis
814 3395 984 3443 semina

201 3459 256 3512 in
278 3460 391 3510 locis
423 3458 685 3508 Homericis
701 3472 747 3508 et
767 3460 984 3508 Lucret.:

201 3523 282 3575 sed
321 3523 524 3574 ornatius
561 3524 716 3582 omnia
758 3524 988 3590 Virgilius

1067 2880 1174 2928 mulo
1188 2894 1427 2943 praeruptus
1448 2900 1571 2944 aquae
1591 2900 1715 2927 mons.

1135 2961 1246 3008 499·
1287 2961 1390 3000 (00.
1434 2946 1522 2991 Kal
1558 2966 1624 2992 τον
1647 2945 1853 3006 ereg’tyov

1054 3009 1457 3072 *Hyblam—7026&
1489 3010 1526 3055 δ’
1560 3010 1700 3056 εἷδον”
1684 3031 1852 3067 ομμσισι

1067 3076 1184 3124 Αὗτῆ
1197 3076 1521 3134 κατασφαγέντ’
1537 3075 1601 3135 ἐφ’
1618 3076 1853 3138 εξκίωπυξᾷ

1069 3133 1227 3202 Eurip.
1251 3139 1298 3184 Τ
1300 3140 1424 3186 road
1448 3141 1534 3202 481
1564 3137 1662 3203 sqq.

1134 3219 1242 3268 501.
1269 3203 1446 3250 Centum
1459 3221 1585 3250 nurus
1603 3201 1735 3248 latius
1752 3202 1851 3251 dic

1065 3279 1183 3323 tum,
1217 3267 1550 3340 quinquaginta
1582 3266 1702 3314 enim
1725 3278 1853 3315 erant

1061 3332 1185 3387 filiae,
1222 3330 1415 3378 totidem
1460 3330 1654 3378 filiorum
1689 3347 1852 3379 uxores

1063 3396 1137 3444 seu
1160 3411 1315 3441 nurus.
1376 3394 1494 3440 Mox
1533 3411 1621 3458 503
1647 3404 1853 3459 quinqua-

1093 3467 1185 3509 inta
1199 3459 1383 3507 thalami
1394 3457 1636 3509 secundum
1654 3458 1849 3510 Homer.

1058 3481 1200 3573 iliad.
1193 3522 1266 3636 ἐξ
1302 3539 1393 3591 243
1416 3522 1514 3595 sqq.

1647 3590 1762 3655 5'02.
1793 3586 1851 3643 In
