<?xml version="1.0" encoding="UTF-8"?>
<!DOCTYPE html PUBLIC "-//W3C//DTD XHTML 1.0 Transitional//EN"
    "http://www.w3.org/TR/xhtml1/DTD/xhtml1-transitional.dtd">
<html xmlns="http://www.w3.org/1999/xhtml" xml:lang="en" lang="en">
 <head>
  <title>
</title>
<meta http-equiv="Content-Type" content="text/html;charset=utf-8" />
  <meta name='ocr-system' content='tesseract 3.04.00' />
  <meta name='ocr-capabilities' content='ocr_page ocr_carea ocr_par ocr_line ocrx_word'/>
</head>
<body>
  <div class='ocr_page' id='page_1' title='image "./operavarietatele02virguoft/operavarietatele02virguoft_0900.png"; bbox 0 0 2294 4030; ppageno 0'>
   <div class='ocr_carea' id='block_1_1' title="bbox 431 298 1677 458">
    <p class='ocr_par' dir='ltr' id='par_1_1' title="bbox 431 298 1677 458">
     <span class='ocr_line' id='line_1_1' title="bbox 431 298 1677 458; baseline -0.007 -19"><span class='ocrx_word' id='word_1_1' title='bbox 431 385 548 458; x_wconf 82' lang='lat'>804</span> <span class='ocrx_word' id='word_1_2' title='bbox 835 356 1478 433; x_wconf 80' lang='lat' dir='ltr'>EXCURSUS</span> <span class='ocrx_word' id='word_1_3' title='bbox 1544 298 1677 430; x_wconf 73' lang='lat' dir='ltr'>XiI</span> 
     </span>
    </p>
   </div>
   <div class='ocr_carea' id='block_1_2' title="bbox 420 498 2074 826">
    <p class='ocr_par' dir='ltr' id='par_1_2' title="bbox 420 498 2074 826">
     <span class='ocr_line' id='line_1_2' title="bbox 425 498 2074 605; baseline -0.007 -8"><span class='ocrx_word' id='word_1_4' title='bbox 425 545 640 597; x_wconf 84' lang='lat' dir='ltr'>minibus,</span> <span class='ocrx_word' id='word_1_5' title='bbox 672 539 800 595; x_wconf 88' lang='lat' dir='ltr'>furti,</span> <span class='ocrx_word' id='word_1_6' title='bbox 836 533 1144 605; x_wconf 73' lang='lat' dir='ltr'>grassationis,</span> <span class='ocrx_word' id='word_1_7' title='bbox 1176 530 1428 599; x_wconf 76' lang='lat' dir='ltr'>sacrilegii,</span> <span class='ocrx_word' id='word_1_8' title='bbox 1471 520 1566 582; x_wconf 78' lang='lat' dir='ltr'>reis</span> <span class='ocrx_word' id='word_1_9' title='bbox 1579 498 1876 600; x_wconf 68' lang='lat' dir='ltr'>cognoscit}</span> <span class='ocrx_word' id='word_1_10' title='bbox 1907 534 2074 602; x_wconf 70' lang='lat' dir='ltr'>itaque</span> 
     </span>
     <span class='ocr_line' id='line_1_3' title="bbox 422 607 2068 675; baseline -0.011 -3.779"><span class='ocrx_word' id='word_1_11' title='bbox 422 622 549 672; x_wconf 84' lang='lat' dir='ltr'>idem</span> <span class='ocrx_word' id='word_1_12' title='bbox 581 628 809 667; x_wconf 89' lang='lat' dir='ltr'>tormenta</span> <span class='ocrx_word' id='word_1_13' title='bbox 844 611 1053 665; x_wconf 83' lang='lat' dir='ltr'>adhibet,</span> <span class='ocrx_word' id='word_1_14' title='bbox 1087 609 1310 658; x_wconf 84' lang='lat' dir='ltr'>scelerum</span> <span class='ocrx_word' id='word_1_15' title='bbox 1347 607 1601 661; x_wconf 73' lang='grc' dir='ltr'>ωηνὶἂοε</span> <span class='ocrx_word' id='word_1_16' title='bbox 1623 610 1868 675; x_wconf 81' lang='lat' dir='ltr'>quaestione</span> <span class='ocrx_word' id='word_1_17' title='bbox 1903 611 2068 660; x_wconf 75' lang='lat' dir='ltr'>admo-</span> 
     </span>
     <span class='ocr_line' id='line_1_4' title="bbox 422 679 2072 757; baseline -0.01 -12"><span class='ocrx_word' id='word_1_18' title='bbox 422 709 470 746; x_wconf 87' lang='lat' dir='ltr'>ta</span> <span class='ocrx_word' id='word_1_19' title='bbox 491 694 626 743; x_wconf 88' lang='lat' dir='ltr'>fateri</span> <span class='ocrx_word' id='word_1_20' title='bbox 649 692 779 757; x_wconf 87' lang='lat' dir='ltr'>cogit</span> <span class='ocrx_word' id='word_1_21' title='bbox 801 687 985 738; x_wconf 81' lang='lat' dir='ltr'>occulto</span> <span class='ocrx_word' id='word_1_22' title='bbox 1022 691 1321 747; x_wconf 71' lang='lat' dir='ltr'>perpetrata:</span> <span class='ocrx_word' id='word_1_23' title='bbox 1357 699 1406 731; x_wconf 86' lang='lat' dir='ltr'>v.</span> <span class='ocrx_word' id='word_1_24' title='bbox 1443 683 1542 750; x_wconf 81' lang='lat'>566</span> <span class='ocrx_word' id='word_1_25' title='bbox 1580 686 1770 750; x_wconf 73' lang='lat' dir='ltr'>Gnoffl&#39;us</span> <span class='ocrx_word' id='word_1_26' title='bbox 1808 686 1909 734; x_wconf 80' lang='lat' dir='ltr'>haec</span> <span class='ocrx_word' id='word_1_27' title='bbox 1941 679 2072 735; x_wconf 45' lang='lat' dir='ltr'>Rha*</span> 
     </span>
     <span class='ocr_line' id='line_1_5' title="bbox 420 760 2070 826; baseline -0.006 -6"><span class='ocrx_word' id='word_1_28' title='bbox 420 768 676 820; x_wconf 77' lang='lat' dir='ltr'>damanthus</span> <span class='ocrx_word' id='word_1_29' title='bbox 717 763 845 813; x_wconf 85' lang='lat' dir='ltr'>habet</span> <span class='ocrx_word' id='word_1_30' title='bbox 888 760 1037 822; x_wconf 74' lang='lat' dir='ltr'>durff</span> <span class='ocrx_word' id='word_1_31' title='bbox 1032 774 1105 806; x_wconf 85' lang='lat' dir='ltr'>ma</span> <span class='ocrx_word' id='word_1_32' title='bbox 1145 775 1299 823; x_wconf 85' lang='lat' dir='ltr'>regna,</span> <span class='ocrx_word' id='word_1_33' title='bbox 1357 760 1640 825; x_wconf 82' lang='lat' dir='ltr'>Castigatque</span> <span class='ocrx_word' id='word_1_34' title='bbox 1676 764 1884 826; x_wconf 82' lang='lat' dir='ltr'>auditque</span> <span class='ocrx_word' id='word_1_35' title='bbox 1923 761 2070 818; x_wconf 72' lang='lat' dir='ltr'>dolos.</span> 
     </span>
    </p>
   </div>
   <div class='ocr_carea' id='block_1_3' title="bbox 402 835 2073 909">
    <p class='ocr_par' dir='ltr' id='par_1_3' title="bbox 402 835 2073 909">
     <span class='ocr_line' id='line_1_6' title="bbox 402 835 2073 909; baseline -0.003 -19"><span class='ocrx_word' id='word_1_36' title='bbox 402 845 655 909; x_wconf 76' lang='lat' dir='ltr'>subigitque</span> <span class='ocrx_word' id='word_1_37' title='bbox 675 844 846 907; x_wconf 85' lang='lat' dir='ltr'>fateri,</span> <span class='ocrx_word' id='word_1_38' title='bbox 890 837 1003 899; x_wconf 49' lang='grc' dir='ltr'>ἕψε</span> <span class='ocrx_word' id='word_1_39' title='bbox 1045 838 1138 899; x_wconf 81' lang='lat' dir='ltr'>quis</span> <span class='ocrx_word' id='word_1_40' title='bbox 1171 836 1292 897; x_wconf 86' lang='lat' dir='ltr'>apud</span> <span class='ocrx_word' id='word_1_41' title='bbox 1301 836 1496 897; x_wconf 81' lang='lat' dir='ltr'>steperos,</span> <span class='ocrx_word' id='word_1_42' title='bbox 1523 842 1660 900; x_wconf 82' lang='lat' dir='ltr'>furto</span> <span class='ocrx_word' id='word_1_43' title='bbox 1705 835 1882 885; x_wconf 80' lang='lat' dir='ltr'>laetatus</span> <span class='ocrx_word' id='word_1_44' title='bbox 1929 841 2073 896; x_wconf 74' lang='lat' dir='ltr'>inani,</span> 
     </span>
    </p>
   </div>
   <div class='ocr_carea' id='block_1_4' title="bbox 426 906 2067 1053">
    <p class='ocr_par' dir='ltr' id='par_1_4' title="bbox 426 906 2067 1053">
     <span class='ocr_line' id='line_1_7' title="bbox 426 906 1447 984; baseline -0.013 -16"><span class='ocrx_word' id='word_1_45' title='bbox 426 922 491 968; x_wconf 93' lang='lat' dir='ltr'><em>D</em></span> <span class='ocrx_word' id='word_1_46' title='bbox 476 918 642 984; x_wconf 79' lang='lat' dir='ltr'><em>stultt</em></span> <span class='ocrx_word' id='word_1_47' title='bbox 626 918 821 978; x_wconf 74' lang='lat' dir='ltr'>instram</span> <span class='ocrx_word' id='word_1_48' title='bbox 840 910 1039 971; x_wconf 77' lang='lat' dir='ltr'>commffz</span> <span class='ocrx_word' id='word_1_49' title='bbox 1063 906 1240 970; x_wconf 81' lang='lat' dir='ltr'><em>piacula</em></span> <span class='ocrx_word' id='word_1_50' title='bbox 1260 920 1447 956; x_wconf 83' lang='lat' dir='ltr'>mortem.</span> 
     </span>
     <span class='ocr_line' id='line_1_8' title="bbox 487 981 2067 1053; baseline -0.01 -13"><span class='ocrx_word' id='word_1_51' title='bbox 487 993 652 1041; x_wconf 89' lang='lat' dir='ltr'>Iisdem</span> <span class='ocrx_word' id='word_1_52' title='bbox 669 986 900 1053; x_wconf 89' lang='lat' dir='ltr'>judicibus</span> <span class='ocrx_word' id='word_1_53' title='bbox 935 981 1056 1045; x_wconf 89' lang='lat' dir='ltr'>apud</span> <span class='ocrx_word' id='word_1_54' title='bbox 1079 981 1248 1029; x_wconf 86' lang='lat' dir='ltr'>inferos</span> <span class='ocrx_word' id='word_1_55' title='bbox 1284 981 1366 1029; x_wconf 88' lang='lat' dir='ltr'>alii</span> <span class='ocrx_word' id='word_1_56' title='bbox 1405 982 1542 1031; x_wconf 88' lang='lat' dir='ltr'>aliter</span> <span class='ocrx_word' id='word_1_57' title='bbox 1575 981 1640 1030; x_wconf 89' lang='lat' dir='ltr'>ufi</span> <span class='ocrx_word' id='word_1_58' title='bbox 1663 981 1794 1042; x_wconf 89' lang='lat' dir='ltr'>sunt;</span> <span class='ocrx_word' id='word_1_59' title='bbox 1836 1001 1976 1034; x_wconf 86' lang='lat' dir='ltr'>nemo</span> <span class='ocrx_word' id='word_1_60' title='bbox 2008 984 2067 1034; x_wconf 66' lang='lat' dir='ltr'>li.</span> 
     </span>
    </p>
   </div>
   <div class='ocr_carea' id='block_1_5' title="bbox 419 1056 2072 2110">
    <p class='ocr_par' dir='ltr' id='par_1_5' title="bbox 419 1056 2072 2110">
     <span class='ocr_line' id='line_1_9' title="bbox 423 1056 2066 1120; baseline -0.007 -1"><span class='ocrx_word' id='word_1_61' title='bbox 423 1069 574 1119; x_wconf 86' lang='lat' dir='ltr'>berius</span> <span class='ocrx_word' id='word_1_62' title='bbox 597 1064 802 1115; x_wconf 89' lang='lat' dir='ltr'>Luciano</span> <span class='ocrx_word' id='word_1_63' title='bbox 827 1061 875 1108; x_wconf 82' lang='lat' dir='ltr'>in</span> <span class='ocrx_word' id='word_1_64' title='bbox 916 1056 1118 1120; x_wconf 89' lang='lat' dir='ltr'>Cataplo</span> <span class='ocrx_word' id='word_1_65' title='bbox 1157 1068 1205 1104; x_wconf 88' lang='lat' dir='ltr'>et</span> <span class='ocrx_word' id='word_1_66' title='bbox 1238 1056 1366 1105; x_wconf 90' lang='lat' dir='ltr'>alibi.</span> <span class='ocrx_word' id='word_1_67' title='bbox 1435 1057 1655 1106; x_wconf 85' lang='lat' dir='ltr'>Proxime</span> <span class='ocrx_word' id='word_1_68' title='bbox 1691 1059 1750 1107; x_wconf 90' lang='lat' dir='ltr'>acl</span> <span class='ocrx_word' id='word_1_69' title='bbox 1795 1062 2066 1116; x_wconf 89' lang='lat' dir='ltr'>Maronem,</span> 
     </span>
     <span class='ocr_line' id='line_1_10' title="bbox 427 1131 2070 1197; baseline -0.01 -4"><span class='ocrx_word' id='word_1_70' title='bbox 427 1156 479 1193; x_wconf 86' lang='lat' dir='ltr'>ut</span> <span class='ocrx_word' id='word_1_71' title='bbox 536 1155 687 1191; x_wconf 87' lang='lat' dir='ltr'>tamen</span> <span class='ocrx_word' id='word_1_72' title='bbox 743 1138 959 1197; x_wconf 88' lang='lat' dir='ltr'>Principis</span> <span class='ocrx_word' id='word_1_73' title='bbox 1015 1132 1198 1179; x_wconf 87' lang='lat' dir='ltr'>Romani</span> <span class='ocrx_word' id='word_1_74' title='bbox 1251 1135 1526 1195; x_wconf 85' lang='lat' dir='ltr'>cognitionem</span> <span class='ocrx_word' id='word_1_75' title='bbox 1575 1131 1840 1189; x_wconf 86' lang='lat' dir='ltr'>adumbret,</span> <span class='ocrx_word' id='word_1_76' title='bbox 1893 1135 2070 1184; x_wconf 64' lang='lat' dir='ltr'>Statius</span> 
     </span>
     <span class='ocr_line' id='line_1_11' title="bbox 425 1207 2070 1276; baseline -0.011 -7"><span class='ocrx_word' id='word_1_77' title='bbox 425 1219 579 1269; x_wconf 86' lang='lat' dir='ltr'><strong>Theb.</strong></span> <span class='ocrx_word' id='word_1_78' title='bbox 602 1215 751 1269; x_wconf 83' lang='lat' dir='ltr'>VIII,</span> <span class='ocrx_word' id='word_1_79' title='bbox 788 1227 841 1259; x_wconf 85' lang='lat'>21</span> <span class='ocrx_word' id='word_1_80' title='bbox 872 1210 939 1273; x_wconf 90' lang='lat' dir='ltr'>sq.</span> <span class='ocrx_word' id='word_1_81' title='bbox 1007 1207 1141 1255; x_wconf 87' lang='lat' dir='ltr'>Forte</span> <span class='ocrx_word' id='word_1_82' title='bbox 1165 1209 1321 1268; x_wconf 71' lang='lat' dir='ltr'>sedens</span> <span class='ocrx_word' id='word_1_83' title='bbox 1358 1210 1500 1256; x_wconf 86' lang='lat' dir='ltr'>media</span> <span class='ocrx_word' id='word_1_84' title='bbox 1537 1213 1661 1273; x_wconf 84' lang='lat' dir='ltr'>regni</span> <span class='ocrx_word' id='word_1_85' title='bbox 1697 1209 1881 1276; x_wconf 69' lang='lat' dir='ltr'>itgfelicis</span> <span class='ocrx_word' id='word_1_86' title='bbox 1901 1215 1949 1259; x_wconf 83' lang='lat' dir='ltr'>in</span> <span class='ocrx_word' id='word_1_87' title='bbox 1969 1229 2070 1260; x_wconf 63' lang='lat' dir='ltr'>arce</span> 
     </span>
     <span class='ocr_line' id='line_1_12' title="bbox 422 1281 2068 1352; baseline -0.005 -8"><span class='ocrx_word' id='word_1_88' title='bbox 422 1297 530 1344; x_wconf 83' lang='lat' dir='ltr'>Dux</span> <span class='ocrx_word' id='word_1_89' title='bbox 561 1290 692 1340; x_wconf 76' lang='lat' dir='ltr'>Erebi</span> <span class='ocrx_word' id='word_1_90' title='bbox 736 1285 904 1352; x_wconf 86' lang='lat' dir='ltr'>populos</span> <span class='ocrx_word' id='word_1_91' title='bbox 936 1281 1135 1347; x_wconf 83' lang='lat' dir='ltr'>poscebat</span> <span class='ocrx_word' id='word_1_92' title='bbox 1177 1287 1360 1330; x_wconf 87' lang='lat' dir='ltr'>crimina</span> <span class='ocrx_word' id='word_1_93' title='bbox 1405 1285 1746 1332; x_wconf 83' lang='lat' dir='ltr'>vitae.--Stant</span> <span class='ocrx_word' id='word_1_94' title='bbox 1789 1288 1832 1333; x_wconf 89' lang='lat' dir='ltr'><em>F</em></span> <span class='ocrx_word' id='word_1_95' title='bbox 1833 1291 1946 1334; x_wconf 85' lang='lat' dir='ltr'>uriae</span> <span class='ocrx_word' id='word_1_96' title='bbox 1978 1293 2068 1337; x_wconf 85' lang='lat' dir='ltr'>cir-</span> 
     </span>
     <span class='ocr_line' id='line_1_13' title="bbox 421 1358 2072 1431; baseline -0.011 -11"><span class='ocrx_word' id='word_1_97' title='bbox 421 1391 512 1420; x_wconf 76' lang='lat' dir='ltr'>cum</span> <span class='ocrx_word' id='word_1_98' title='bbox 544 1373 772 1431; x_wconf 80' lang='lat' dir='ltr'>variaeque</span> <span class='ocrx_word' id='word_1_99' title='bbox 812 1380 867 1410; x_wconf 86' lang='lat' dir='ltr'>ex</span> <span class='ocrx_word' id='word_1_100' title='bbox 903 1362 1047 1408; x_wconf 82' lang='lat' dir='ltr'>ordine</span> <span class='ocrx_word' id='word_1_101' title='bbox 1097 1358 1280 1413; x_wconf 83' lang='lat' dir='ltr'>Mortes,</span> <span class='ocrx_word' id='word_1_102' title='bbox 1332 1359 1554 1424; x_wconf 83' lang='lat' dir='ltr'>Saevaque</span> <span class='ocrx_word' id='word_1_103' title='bbox 1611 1359 1852 1423; x_wconf 73' lang='lat' dir='ltr'>multisonas</span> <span class='ocrx_word' id='word_1_104' title='bbox 1905 1376 2072 1412; x_wconf 67' lang='lat' dir='ltr'>exercet</span> 
     </span>
     <span class='ocr_line' id='line_1_14' title="bbox 425 1433 2068 1503; baseline -0.008 -9"><span class='ocrx_word' id='word_1_105' title='bbox 425 1449 566 1494; x_wconf 71' lang='lat' dir='ltr'>Poena</span> <span class='ocrx_word' id='word_1_106' title='bbox 603 1455 771 1489; x_wconf 86' lang='lat' dir='ltr'>catenas</span> <span class='ocrx_word' id='word_1_107' title='bbox 822 1440 1084 1500; x_wconf 89' lang='lat' dir='ltr'>(tamquam</span> <span class='ocrx_word' id='word_1_108' title='bbox 1118 1433 1428 1498; x_wconf 87' lang='lat' dir='ltr'>apparitores,</span> <span class='ocrx_word' id='word_1_109' title='bbox 1462 1434 1718 1490; x_wconf 82' lang='lat' dir='ltr'>carnifices,</span> <span class='ocrx_word' id='word_1_110' title='bbox 1751 1437 1869 1485; x_wconf 82' lang='lat' dir='ltr'>servi</span> <span class='ocrx_word' id='word_1_111' title='bbox 1913 1439 2068 1503; x_wconf 49' lang='lat' dir='ltr'>publia</span> 
     </span>
     <span class='ocr_line' id='line_1_15' title="bbox 419 1510 2064 1581; baseline -0.007 -13"><span class='ocrx_word' id='word_1_112' title='bbox 419 1520 509 1581; x_wconf 80' lang='lat' dir='ltr'>ci).</span> <span class='ocrx_word' id='word_1_113' title='bbox 577 1519 697 1564; x_wconf 84' lang='lat' dir='ltr'>Fata</span> <span class='ocrx_word' id='word_1_114' title='bbox 722 1518 881 1578; x_wconf 68' lang='lat' dir='ltr'>ferunt</span> <span class='ocrx_word' id='word_1_115' title='bbox 918 1515 1086 1558; x_wconf 80' lang='lat' dir='ltr'><em>animas</em></span> <span class='ocrx_word' id='word_1_116' title='bbox 1129 1523 1172 1557; x_wconf 81' lang='lat' dir='ltr'>et</span> <span class='ocrx_word' id='word_1_117' title='bbox 1209 1513 1346 1558; x_wconf 78' lang='lat' dir='ltr'>eodem</span> <span class='ocrx_word' id='word_1_118' title='bbox 1376 1510 1526 1574; x_wconf 79' lang='lat' dir='ltr'>pollice</span> <span class='ocrx_word' id='word_1_119' title='bbox 1562 1515 1772 1560; x_wconf 83' lang='lat' dir='ltr'><em>damnant</em></span> <span class='ocrx_word' id='word_1_120' title='bbox 1813 1513 1994 1577; x_wconf 81' lang='lat' dir='ltr'>(Parcae</span> <span class='ocrx_word' id='word_1_121' title='bbox 2028 1515 2064 1564; x_wconf 81' lang='lat' dir='ltr'>s,</span> 
     </span>
     <span class='ocr_line' id='line_1_16' title="bbox 423 1585 2068 1657; baseline -0.008 -15"><span class='ocrx_word' id='word_1_122' title='bbox 423 1601 574 1657; x_wconf 71' lang='grc' dir='ltr'><em>Μοῖςαι</em></span> <span class='ocrx_word' id='word_1_123' title='bbox 612 1589 824 1638; x_wconf 87' lang='lat' dir='ltr'>accusant</span> <span class='ocrx_word' id='word_1_124' title='bbox 846 1599 894 1634; x_wconf 90' lang='lat' dir='ltr'>et</span> <span class='ocrx_word' id='word_1_125' title='bbox 917 1585 1100 1649; x_wconf 88' lang='lat' dir='ltr'>rapiunt</span> <span class='ocrx_word' id='word_1_126' title='bbox 1135 1585 1312 1634; x_wconf 80' lang='lat' dir='ltr'>animas</span> <span class='ocrx_word' id='word_1_127' title='bbox 1341 1587 1400 1634; x_wconf 88' lang='lat' dir='ltr'>ad</span> <span class='ocrx_word' id='word_1_128' title='bbox 1430 1586 1634 1635; x_wconf 80' lang='lat' dir='ltr'>tribunal</span> <span class='ocrx_word' id='word_1_129' title='bbox 1658 1588 1884 1645; x_wconf 81' lang='lat' dir='ltr'>Plutonis,</span> <span class='ocrx_word' id='word_1_130' title='bbox 1918 1602 1967 1639; x_wconf 90' lang='lat' dir='ltr'>et</span> <span class='ocrx_word' id='word_1_131' title='bbox 1990 1605 2068 1640; x_wconf 85' lang='lat' dir='ltr'>ac-</span> 
     </span>
     <span class='ocr_line' id='line_1_17' title="bbox 421 1661 2069 1731; baseline -0.007 -11"><span class='ocrx_word' id='word_1_132' title='bbox 421 1670 652 1720; x_wconf 85' lang='lat' dir='ltr'>cusatione</span> <span class='ocrx_word' id='word_1_133' title='bbox 690 1667 766 1713; x_wconf 90' lang='lat' dir='ltr'>sua</span> <span class='ocrx_word' id='word_1_134' title='bbox 803 1674 993 1712; x_wconf 89' lang='lat' dir='ltr'>movent</span> <span class='ocrx_word' id='word_1_135' title='bbox 1034 1661 1260 1724; x_wconf 87' lang='lat' dir='ltr'>judicem,</span> <span class='ocrx_word' id='word_1_136' title='bbox 1310 1674 1364 1710; x_wconf 84' lang='lat' dir='ltr'>ut</span> <span class='ocrx_word' id='word_1_137' title='bbox 1406 1672 1509 1711; x_wconf 84' lang='lat' dir='ltr'>reos</span> <span class='ocrx_word' id='word_1_138' title='bbox 1566 1662 1881 1715; x_wconf 88' lang='lat' dir='ltr'>condemnet:</span> <span class='ocrx_word' id='word_1_139' title='bbox 1911 1666 2069 1731; x_wconf 62' lang='lat' dir='ltr'>‘pollex</span> 
     </span>
     <span class='ocr_line' id='line_1_18' title="bbox 423 1735 2068 1805; baseline -0.009 -8"><span class='ocrx_word' id='word_1_140' title='bbox 423 1745 682 1797; x_wconf 84' lang='lat' dir='ltr'>referendus</span> <span class='ocrx_word' id='word_1_141' title='bbox 713 1741 770 1789; x_wconf 88' lang='lat' dir='ltr'>ad</span> <span class='ocrx_word' id='word_1_142' title='bbox 811 1740 986 1804; x_wconf 89' lang='lat' dir='ltr'>gestum</span> <span class='ocrx_word' id='word_1_143' title='bbox 1013 1735 1227 1785; x_wconf 81' lang='lat' dir='ltr'>dicentis.</span> <span class='ocrx_word' id='word_1_144' title='bbox 1297 1738 1474 1792; x_wconf 89' lang='lat' dir='ltr'>Notus,</span> <span class='ocrx_word' id='word_1_145' title='bbox 1506 1743 1681 1805; x_wconf 65' lang='lat' dir='ltr'>infestus</span> <span class='ocrx_word' id='word_1_146' title='bbox 1695 1740 1890 1803; x_wconf 82' lang='lat' dir='ltr'>pollex).</span> <span class='ocrx_word' id='word_1_147' title='bbox 1961 1744 2068 1792; x_wconf 69' lang='lat' dir='ltr'>Vin.</span> 
     </span>
     <span class='ocr_line' id='line_1_19' title="bbox 419 1810 2069 1888; baseline -0.008 -14"><span class='ocrx_word' id='word_1_148' title='bbox 419 1833 476 1874; x_wconf 87' lang='lat' dir='ltr'>cit</span> <span class='ocrx_word' id='word_1_149' title='bbox 514 1838 607 1888; x_wconf 84' lang='lat' dir='ltr'>opus</span> <span class='ocrx_word' id='word_1_150' title='bbox 638 1816 940 1885; x_wconf 85' lang='lat' dir='ltr'>(incredibilis</span> <span class='ocrx_word' id='word_1_151' title='bbox 977 1810 1041 1863; x_wconf 42' lang='lat' dir='ltr'>&#39;est</span> <span class='ocrx_word' id='word_1_152' title='bbox 1079 1815 1330 1863; x_wconf 85' lang='lat' dir='ltr'>caussarum</span> <span class='ocrx_word' id='word_1_153' title='bbox 1371 1815 1671 1878; x_wconf 86' lang='lat' dir='ltr'>multitudo).</span> <span class='ocrx_word' id='word_1_154' title='bbox 1740 1816 1896 1879; x_wconf 84' lang='lat' dir='ltr'><em>Juxta</em></span> <span class='ocrx_word' id='word_1_155' title='bbox 1919 1821 2069 1868; x_wconf 70' lang='lat' dir='ltr'>Mino,-</span> 
     </span>
     <span class='ocr_line' id='line_1_20' title="bbox 424 1890 2069 1964; baseline -0.004 -14"><span class='ocrx_word' id='word_1_156' title='bbox 424 1905 674 1964; x_wconf 67' lang='lat' dir='ltr'>cumfratre</span> <span class='ocrx_word' id='word_1_157' title='bbox 693 1896 880 1942; x_wconf 73' lang='lat' dir='ltr'>verendo</span> <span class='ocrx_word' id='word_1_158' title='bbox 906 1893 1030 1953; x_wconf 83' lang='lat' dir='ltr'>Jura</span> <span class='ocrx_word' id='word_1_159' title='bbox 1053 1890 1178 1938; x_wconf 87' lang='lat' dir='ltr'><em>bonus</em></span> <span class='ocrx_word' id='word_1_160' title='bbox 1199 1890 1371 1939; x_wconf 81' lang='lat' dir='ltr'>meliora</span> <span class='ocrx_word' id='word_1_161' title='bbox 1403 1905 1535 1939; x_wconf 85' lang='lat' dir='ltr'>monet</span> <span class='ocrx_word' id='word_1_162' title='bbox 1568 1893 1830 1955; x_wconf 88' lang='lat' dir='ltr'>(tamquam</span> <span class='ocrx_word' id='word_1_163' title='bbox 1848 1894 2069 1956; x_wconf 73' lang='lat' dir='ltr'>jurecon-</span> 
     </span>
     <span class='ocr_line' id='line_1_21' title="bbox 421 1965 2068 2033; baseline -0.006 -10"><span class='ocrx_word' id='word_1_164' title='bbox 421 1974 555 2022; x_wconf 82' lang='lat' dir='ltr'>sultus</span> <span class='ocrx_word' id='word_1_165' title='bbox 580 1970 760 2033; x_wconf 83' lang='lat' dir='ltr'>aliquis,</span> <span class='ocrx_word' id='word_1_166' title='bbox 794 1967 872 2031; x_wconf 90' lang='lat' dir='ltr'>qui</span> <span class='ocrx_word' id='word_1_167' title='bbox 897 1965 1102 2027; x_wconf 81' lang='lat' dir='ltr'>Principi</span> <span class='ocrx_word' id='word_1_168' title='bbox 1130 1966 1427 2030; x_wconf 89' lang='lat' dir='ltr'>cognoscenti</span> <span class='ocrx_word' id='word_1_169' title='bbox 1457 1966 1580 2014; x_wconf 88' lang='lat' dir='ltr'>adest</span> <span class='ocrx_word' id='word_1_170' title='bbox 1602 1965 1679 2015; x_wconf 91' lang='lat' dir='ltr'>seu</span> <span class='ocrx_word' id='word_1_171' title='bbox 1700 1967 1854 2017; x_wconf 85' lang='lat' dir='ltr'>affidet</span> <span class='ocrx_word' id='word_1_172' title='bbox 1875 1970 1929 2021; x_wconf 80' lang='lat' dir='ltr'>in</span> <span class='ocrx_word' id='word_1_173' title='bbox 1949 1983 2068 2021; x_wconf 62' lang='lat' dir='ltr'>con-</span> 
     </span>
     <span class='ocr_line' id='line_1_22' title="bbox 426 2036 1275 2110; baseline -0.016 -11"><span class='ocrx_word' id='word_1_174' title='bbox 426 2049 543 2110; x_wconf 74' lang='lat' dir='ltr'>filio)</span> <span class='ocrx_word' id='word_1_175' title='bbox 574 2061 782 2109; x_wconf 76' lang='lat' dir='ltr'>regemque</span> <span class='ocrx_word' id='word_1_176' title='bbox 796 2054 1005 2088; x_wconf 78' lang='lat' dir='ltr'>cruentum</span> <span class='ocrx_word' id='word_1_177' title='bbox 1030 2036 1275 2103; x_wconf 76' lang='lat' dir='ltr'>Temperat.</span> 
     </span>
    </p>
   </div>
   <div class='ocr_carea' id='block_1_6' title="bbox 860 2199 1629 2353">
    <p class='ocr_par' dir='ltr' id='par_1_6' title="bbox 860 2199 1629 2353">
     <span class='ocr_line' id='line_1_23' title="bbox 860 2199 1629 2256; baseline 0.001 -1"><span class='ocrx_word' id='word_1_178' title='bbox 860 2205 1437 2255; x_wconf 85' lang='lat' dir='ltr'>EXCURSUS</span> <span class='ocrx_word' id='word_1_179' title='bbox 1506 2199 1629 2256; x_wconf 74' lang='lat' dir='ltr'><strong>XII·</strong></span> 
     </span>
     <span class='ocr_line' id='line_1_24' title="bbox 1015 2290 1420 2353; baseline -0.002 0"><span class='ocrx_word' id='word_1_180' title='bbox 1015 2292 1109 2353; x_wconf 87' lang='lat' dir='ltr'>De</span> <span class='ocrx_word' id='word_1_181' title='bbox 1138 2290 1420 2353; x_wconf 61' lang='lat' dir='ltr'>Salmoneoss</span> 
     </span>
    </p>
   </div>
   <div class='ocr_carea' id='block_1_7' title="bbox 395 2404 2069 3748">
    <p class='ocr_par' dir='ltr' id='par_1_7' title="bbox 420 2404 2069 2996">
     <span class='ocr_line' id='line_1_25' title="bbox 486 2404 2069 2475; baseline -0.003 -16"><span class='ocrx_word' id='word_1_182' title='bbox 486 2413 579 2467; x_wconf 90' lang='lat' dir='ltr'>VI,</span> <span class='ocrx_word' id='word_1_183' title='bbox 599 2413 872 2475; x_wconf 74' lang='lat'><strong>585—394.</strong></span> <span class='ocrx_word' id='word_1_184' title='bbox 906 2406 984 2453; x_wconf 93' lang='lat' dir='ltr'>De</span> <span class='ocrx_word' id='word_1_185' title='bbox 1004 2405 1251 2453; x_wconf 79' lang='lat' dir='ltr'>Salmoneo</span> <span class='ocrx_word' id='word_1_186' title='bbox 1274 2405 1540 2453; x_wconf 84' lang='lat' dir='ltr'>consulendi</span> <span class='ocrx_word' id='word_1_187' title='bbox 1559 2404 1871 2469; x_wconf 85' lang='lat' dir='ltr'>Apollodorus</span> <span class='ocrx_word' id='word_1_188' title='bbox 1894 2414 1942 2454; x_wconf 90' lang='lat' dir='ltr'>et</span> <span class='ocrx_word' id='word_1_189' title='bbox 1962 2407 2069 2472; x_wconf 78' lang='lat' dir='ltr'>Hy-</span> 
     </span>
     <span class='ocr_line' id='line_1_26' title="bbox 422 2479 2067 2551; baseline -0.002 -17"><span class='ocrx_word' id='word_1_190' title='bbox 422 2487 575 2551; x_wconf 84' lang='lat' dir='ltr'>ginus.</span> <span class='ocrx_word' id='word_1_191' title='bbox 643 2484 797 2531; x_wconf 86' lang='lat' dir='ltr'>Etiam</span> <span class='ocrx_word' id='word_1_192' title='bbox 819 2483 917 2528; x_wconf 86' lang='lat' dir='ltr'>haec</span> <span class='ocrx_word' id='word_1_193' title='bbox 951 2481 1125 2533; x_wconf 83' lang='lat' dir='ltr'>fabula,</span> <span class='ocrx_word' id='word_1_194' title='bbox 1161 2481 1272 2527; x_wconf 89' lang='lat' dir='ltr'>dum</span> <span class='ocrx_word' id='word_1_195' title='bbox 1296 2497 1324 2527; x_wconf 92' lang='lat' dir='ltr'>a</span> <span class='ocrx_word' id='word_1_196' title='bbox 1344 2479 1500 2528; x_wconf 86' lang='lat' dir='ltr'>multis</span> <span class='ocrx_word' id='word_1_197' title='bbox 1535 2482 1729 2529; x_wconf 67' lang='lat' dir='ltr'>tractata</span> <span class='ocrx_word' id='word_1_198' title='bbox 1752 2482 1831 2536; x_wconf 90' lang='lat' dir='ltr'>est,</span> <span class='ocrx_word' id='word_1_199' title='bbox 1866 2497 1894 2528; x_wconf 87' lang='lat' dir='ltr'>a</span> <span class='ocrx_word' id='word_1_200' title='bbox 1917 2484 2067 2531; x_wconf 49' lang='lat' dir='ltr'>tenui*</span> 
     </span>
     <span class='ocr_line' id='line_1_27' title="bbox 422 2554 2064 2623; baseline 0 -15"><span class='ocrx_word' id='word_1_201' title='bbox 422 2562 506 2608; x_wconf 87' lang='lat' dir='ltr'>bns</span> <span class='ocrx_word' id='word_1_202' title='bbox 528 2559 670 2606; x_wconf 87' lang='lat' dir='ltr'>initiis</span> <span class='ocrx_word' id='word_1_203' title='bbox 692 2557 856 2604; x_wconf 85' lang='lat' dir='ltr'>latiora</span> <span class='ocrx_word' id='word_1_204' title='bbox 878 2554 1093 2618; x_wconf 87' lang='lat' dir='ltr'>deinceps</span> <span class='ocrx_word' id='word_1_205' title='bbox 1117 2555 1401 2603; x_wconf 87' lang='lat' dir='ltr'>incrementa</span> <span class='ocrx_word' id='word_1_206' title='bbox 1434 2555 1637 2620; x_wconf 59' lang='lat' dir='ltr'>accepit,</span> <span class='ocrx_word' id='word_1_207' title='bbox 1704 2555 1938 2605; x_wconf 88' lang='lat' dir='ltr'>Homerus</span> <span class='ocrx_word' id='word_1_208' title='bbox 1963 2560 2064 2623; x_wconf 63' lang='lat' dir='ltr'>qui⁴</span> 
     </span>
     <span class='ocr_line' id='line_1_28' title="bbox 420 2630 2069 2697; baseline -0.001 -14"><span class='ocrx_word' id='word_1_209' title='bbox 420 2636 527 2683; x_wconf 89' lang='lat' dir='ltr'>dem</span> <span class='ocrx_word' id='word_1_210' title='bbox 567 2633 727 2697; x_wconf 80' lang='lat' dir='ltr'>Odyff.</span> <span class='ocrx_word' id='word_1_211' title='bbox 772 2645 818 2686; x_wconf 81' lang='grc' dir='ltr'>λ,</span> <span class='ocrx_word' id='word_1_212' title='bbox 854 2647 910 2694; x_wconf 83' lang='lat'>23</span> <span class='ocrx_word' id='word_1_213' title='bbox 921 2647 946 2694; x_wconf 80' lang='grc' dir='ltr'><em>ς</em></span> <span class='ocrx_word' id='word_1_214' title='bbox 989 2630 1281 2679; x_wconf 79' lang='lat' dir='ltr'>Salmone-um</span> <span class='ocrx_word' id='word_1_215' title='bbox 1319 2633 1534 2690; x_wconf 60' lang='grc' dir='ltr'>ἀμύμονα,</span> <span class='ocrx_word' id='word_1_216' title='bbox 1584 2631 1768 2686; x_wconf 74' lang='lat' dir='ltr'>clarum,</span> <span class='ocrx_word' id='word_1_217' title='bbox 1801 2632 2069 2697; x_wconf 73' lang='lat' dir='ltr'>simpliciter</span> 
     </span>
     <span class='ocr_line' id='line_1_29' title="bbox 422 2706 2066 2773; baseline -0.001 -15"><span class='ocrx_word' id='word_1_218' title='bbox 422 2721 666 2763; x_wconf 85' lang='lat' dir='ltr'>memorat,</span> <span class='ocrx_word' id='word_1_219' title='bbox 699 2720 934 2770; x_wconf 84' lang='lat' dir='ltr'>tamquam</span> <span class='ocrx_word' id='word_1_220' title='bbox 956 2706 1166 2754; x_wconf 70' lang='lat' dir='ltr'>heroem.</span> <span class='ocrx_word' id='word_1_221' title='bbox 1234 2707 1510 2755; x_wconf 79' lang='lat' dir='ltr'>Celebratus</span> <span class='ocrx_word' id='word_1_222' title='bbox 1533 2707 1610 2755; x_wconf 89' lang='lat' dir='ltr'>ille</span> <span class='ocrx_word' id='word_1_223' title='bbox 1633 2707 1720 2755; x_wconf 90' lang='lat' dir='ltr'>fuit</span> <span class='ocrx_word' id='word_1_224' title='bbox 1741 2720 1935 2772; x_wconf 88' lang='lat' dir='ltr'>propter</span> <span class='ocrx_word' id='word_1_225' title='bbox 1951 2725 2066 2773; x_wconf 82' lang='lat' dir='ltr'>opes</span> 
     </span>
     <span class='ocr_line' id='line_1_30' title="bbox 420 2779 2065 2847; baseline 0 -15"><span class='ocrx_word' id='word_1_226' title='bbox 420 2798 469 2832; x_wconf 86' lang='lat' dir='ltr'>et</span> <span class='ocrx_word' id='word_1_227' title='bbox 489 2796 642 2831; x_wconf 90' lang='lat' dir='ltr'>natam</span> <span class='ocrx_word' id='word_1_228' title='bbox 664 2782 770 2829; x_wconf 88' lang='lat' dir='ltr'>inde</span> <span class='ocrx_word' id='word_1_229' title='bbox 788 2779 1180 2846; x_wconf 83' lang='lat' dir='ltr'>magnificentiam</span> <span class='ocrx_word' id='word_1_230' title='bbox 1204 2794 1253 2830; x_wconf 87' lang='lat' dir='ltr'>et</span> <span class='ocrx_word' id='word_1_231' title='bbox 1275 2782 1623 2847; x_wconf 87' lang='lat' dir='ltr'>arrogantiam:</span> <span class='ocrx_word' id='word_1_232' title='bbox 1658 2782 1728 2829; x_wconf 89' lang='lat' dir='ltr'>uti</span> <span class='ocrx_word' id='word_1_233' title='bbox 1750 2781 1933 2830; x_wconf 86' lang='lat' dir='ltr'>Aloidae</span> <span class='ocrx_word' id='word_1_234' title='bbox 1950 2783 2065 2832; x_wconf 88' lang='lat' dir='ltr'>vasti</span> 
     </span>
     <span class='ocr_line' id='line_1_31' title="bbox 421 2855 2066 2923; baseline -0.001 -17"><span class='ocrx_word' id='word_1_235' title='bbox 421 2859 625 2923; x_wconf 86' lang='lat' dir='ltr'>corporis</span> <span class='ocrx_word' id='word_1_236' title='bbox 650 2857 814 2906; x_wconf 83' lang='lat' dir='ltr'>robore</span> <span class='ocrx_word' id='word_1_237' title='bbox 837 2855 1127 2904; x_wconf 82' lang='lat' dir='ltr'>ferocientes.</span> <span class='ocrx_word' id='word_1_238' title='bbox 1195 2857 1387 2905; x_wconf 83' lang='lat' dir='ltr'>Hesiodi</span> <span class='ocrx_word' id='word_1_239' title='bbox 1410 2857 1563 2905; x_wconf 82' lang='lat' dir='ltr'>versus</span> <span class='ocrx_word' id='word_1_240' title='bbox 1588 2873 1665 2920; x_wconf 89' lang='lat' dir='ltr'>ap.</span> <span class='ocrx_word' id='word_1_241' title='bbox 1688 2857 1846 2904; x_wconf 89' lang='lat' dir='ltr'>Schol.</span> <span class='ocrx_word' id='word_1_242' title='bbox 1874 2856 2066 2905; x_wconf 77' lang='lat' dir='ltr'>Pindar⁸</span> 
     </span>
     <span class='ocr_line' id='line_1_32' title="bbox 422 2930 2066 2996; baseline 0 -18"><span class='ocrx_word' id='word_1_243' title='bbox 422 2934 478 2980; x_wconf 90' lang='lat' dir='ltr'>P.</span> <span class='ocrx_word' id='word_1_244' title='bbox 503 2933 595 2986; x_wconf 87' lang='lat' dir='ltr'>IV,</span> <span class='ocrx_word' id='word_1_245' title='bbox 632 2949 657 2978; x_wconf 86' lang='lat'><strong>2</strong></span> <span class='ocrx_word' id='word_1_246' title='bbox 666 2948 721 2996; x_wconf 72' lang='lat'>53</span> <span class='ocrx_word' id='word_1_247' title='bbox 749 2931 935 2977; x_wconf 68' lang='grc' dir='ltr'>Αἶσλίδαι</span> <span class='ocrx_word' id='word_1_248' title='bbox 961 2930 1196 2990; x_wconf 66' lang='grc' dir='ltr'>δ”-ἐγένοντο</span> <span class='ocrx_word' id='word_1_249' title='bbox 1218 2930 1496 2990; x_wconf 60' lang='grc' dir='ltr'>θεμιςοπόλαι</span> <span class='ocrx_word' id='word_1_250' title='bbox 1528 2935 1751 2986; x_wconf 67' lang='grc' dir='ltr'><strong><em>βασιλῆες,</em></strong></span> <span class='ocrx_word' id='word_1_251' title='bbox 1784 2931 1971 2993; x_wconf 60' lang='grc' dir='ltr'>Κρηθεὺς</span> <span class='ocrx_word' id='word_1_252' title='bbox 2001 2933 2066 2983; x_wconf 73' lang='grc' dir='ltr'>ἧδ’</span> 
     </span>
    </p>

    <p class='ocr_par' dir='ltr' id='par_1_8' title="bbox 395 3004 2067 3678">
     <span class='ocr_line' id='line_1_33' title="bbox 395 3004 2061 3069; baseline -0.001 -13"><span class='ocrx_word' id='word_1_253' title='bbox 395 3006 629 3067; x_wconf 36' lang='grc' dir='ltr'>,Ἀθάμας</span> <span class='ocrx_word' id='word_1_254' title='bbox 646 3006 718 3053; x_wconf 62' lang='grc' dir='ltr'>καὶ</span> <span class='ocrx_word' id='word_1_255' title='bbox 743 3008 912 3066; x_wconf 71' lang='grc' dir='ltr'><em>Σίσυφος</em></span> <span class='ocrx_word' id='word_1_256' title='bbox 933 3007 1202 3063; x_wconf 69' lang='grc' dir='ltr'><strong><em>αἷσλομῆτης,</em></strong></span> <span class='ocrx_word' id='word_1_257' title='bbox 1251 3008 1491 3064; x_wconf 72' lang='grc' dir='ltr'><strong><em>Σαλμωνεύς</em></strong></span> <span class='ocrx_word' id='word_1_258' title='bbox 1515 3008 1559 3054; x_wconf 80' lang='grc' dir='ltr'>τ’</span> <span class='ocrx_word' id='word_1_259' title='bbox 1581 3005 1719 3053; x_wconf 63' lang='grc' dir='ltr'><strong><em>ἄδικος</em></strong></span> <span class='ocrx_word' id='word_1_260' title='bbox 1731 3004 1807 3052; x_wconf 74' lang='grc' dir='ltr'>καὶ</span> <span class='ocrx_word' id='word_1_261' title='bbox 1827 3004 2061 3069; x_wconf 55' lang='grc' dir='ltr'>ὑπέρθυμοι</span> 
     </span>
     <span class='ocr_line' id='line_1_34' title="bbox 415 3079 2064 3146; baseline -0.001 -16"><span class='ocrx_word' id='word_1_262' title='bbox 415 3087 507 3144; x_wconf 54' lang='lat' dir='ltr'>‘niet</span> <span class='ocrx_word' id='word_1_263' title='bbox 531 3090 637 3144; x_wconf 66' lang='grc' dir='ltr'>κῆςι.</span> <span class='ocrx_word' id='word_1_264' title='bbox 705 3081 847 3130; x_wconf 85' lang='lat' dir='ltr'>Nunc</span> <span class='ocrx_word' id='word_1_265' title='bbox 867 3081 943 3128; x_wconf 84' lang='lat' dir='ltr'>ille</span> <span class='ocrx_word' id='word_1_266' title='bbox 966 3081 1215 3129; x_wconf 85' lang='lat' dir='ltr'>secundum</span> <span class='ocrx_word' id='word_1_267' title='bbox 1249 3082 1492 3130; x_wconf 87' lang='lat' dir='ltr'>nonnullos</span> <span class='ocrx_word' id='word_1_268' title='bbox 1530 3080 1741 3145; x_wconf 83' lang='lat' dir='ltr'>superbia</span> <span class='ocrx_word' id='word_1_269' title='bbox 1776 3079 1922 3128; x_wconf 87' lang='lat' dir='ltr'>elatus</span> <span class='ocrx_word' id='word_1_270' title='bbox 1956 3101 2064 3146; x_wconf 87' lang='lat' dir='ltr'>qua-</span> 
     </span>
     <span class='ocr_line' id='line_1_35' title="bbox 417 3154 2067 3222; baseline -0.001 -16"><span class='ocrx_word' id='word_1_271' title='bbox 417 3161 575 3222; x_wconf 77' lang='lat' dir='ltr'>drigis,</span> <span class='ocrx_word' id='word_1_272' title='bbox 610 3168 846 3220; x_wconf 86' lang='lat' dir='ltr'>tamquam</span> <span class='ocrx_word' id='word_1_273' title='bbox 867 3156 977 3203; x_wconf 90' lang='lat' dir='ltr'>deus</span> <span class='ocrx_word' id='word_1_274' title='bbox 992 3155 1175 3220; x_wconf 86' lang='lat' dir='ltr'>aliquis,</span> <span class='ocrx_word' id='word_1_275' title='bbox 1194 3161 1390 3205; x_wconf 61' lang='lat' dir='ltr'>inveeffus</span> <span class='ocrx_word' id='word_1_276' title='bbox 1421 3172 1506 3221; x_wconf 87' lang='lat' dir='ltr'>per</span> <span class='ocrx_word' id='word_1_277' title='bbox 1523 3155 1708 3204; x_wconf 85' lang='lat' dir='ltr'>Elidem</span> <span class='ocrx_word' id='word_1_278' title='bbox 1721 3155 1919 3203; x_wconf 85' lang='lat' dir='ltr'>honores</span> <span class='ocrx_word' id='word_1_279' title='bbox 1941 3154 2067 3205; x_wconf 86' lang='lat' dir='ltr'>divi-</span> 
     </span>
     <span class='ocr_line' id='line_1_36' title="bbox 418 3230 2067 3295; baseline -0.002 -13"><span class='ocrx_word' id='word_1_280' title='bbox 418 3250 501 3282; x_wconf 87' lang='lat' dir='ltr'>nos</span> <span class='ocrx_word' id='word_1_281' title='bbox 526 3231 785 3280; x_wconf 70' lang='lat' dir='ltr'>affectabat.</span> <span class='ocrx_word' id='word_1_282' title='bbox 855 3231 947 3279; x_wconf 91' lang='lat' dir='ltr'>Pro</span> <span class='ocrx_word' id='word_1_283' title='bbox 983 3231 1108 3279; x_wconf 88' lang='lat' dir='ltr'>ferro</span> <span class='ocrx_word' id='word_1_284' title='bbox 1144 3231 1283 3295; x_wconf 88' lang='lat' dir='ltr'>prisci</span> <span class='ocrx_word' id='word_1_285' title='bbox 1303 3230 1512 3280; x_wconf 87' lang='lat' dir='ltr'>homines</span> <span class='ocrx_word' id='word_1_286' title='bbox 1535 3247 1624 3279; x_wconf 84' lang='lat' dir='ltr'>aere</span> <span class='ocrx_word' id='word_1_287' title='bbox 1645 3230 1923 3287; x_wconf 78' lang='lat' dir='ltr'>utebantur3</span> <span class='ocrx_word' id='word_1_288' title='bbox 1969 3231 2067 3280; x_wconf 87' lang='lat' dir='ltr'>ita-</span> 
     </span>
     <span class='ocr_line' id='line_1_37' title="bbox 419 3305 2064 3374; baseline -0.002 -18"><span class='ocrx_word' id='word_1_289' title='bbox 419 3325 508 3374; x_wconf 87' lang='lat' dir='ltr'>que</span> <span class='ocrx_word' id='word_1_290' title='bbox 530 3326 694 3355; x_wconf 86' lang='lat' dir='ltr'>currum</span> <span class='ocrx_word' id='word_1_291' title='bbox 716 3305 812 3368; x_wconf 83' lang='lat' dir='ltr'>ejus</span> <span class='ocrx_word' id='word_1_292' title='bbox 835 3325 992 3354; x_wconf 78' lang='lat' dir='ltr'>aereum</span> <span class='ocrx_word' id='word_1_293' title='bbox 1008 3306 1260 3355; x_wconf 70' lang='lat' dir='ltr'>exhibuisse</span> <span class='ocrx_word' id='word_1_294' title='bbox 1282 3306 1425 3367; x_wconf 83' lang='lat' dir='ltr'>debet</span> <span class='ocrx_word' id='word_1_295' title='bbox 1459 3305 1674 3369; x_wconf 87' lang='lat' dir='ltr'>antiquus</span> <span class='ocrx_word' id='word_1_296' title='bbox 1711 3307 1868 3368; x_wconf 64' lang='lat' dir='ltr'>poeta.</span> <span class='ocrx_word' id='word_1_297' title='bbox 1937 3305 2064 3353; x_wconf 82' lang='lat' dir='ltr'>Cum</span> 
     </span>
     <span class='ocr_line' id='line_1_38' title="bbox 417 3381 2065 3447; baseline -0.003 -13"><span class='ocrx_word' id='word_1_298' title='bbox 417 3386 517 3434; x_wconf 84' lang='lat' dir='ltr'>aeris</span> <span class='ocrx_word' id='word_1_299' title='bbox 541 3383 724 3447; x_wconf 85' lang='lat' dir='ltr'>strepitu</span> <span class='ocrx_word' id='word_1_300' title='bbox 743 3383 946 3447; x_wconf 86' lang='lat' dir='ltr'>fulminis</span> <span class='ocrx_word' id='word_1_301' title='bbox 979 3397 1021 3432; x_wconf 87' lang='lat' dir='ltr'>et</span> <span class='ocrx_word' id='word_1_302' title='bbox 1041 3389 1271 3433; x_wconf 85' lang='lat' dir='ltr'>tonitruum</span> <span class='ocrx_word' id='word_1_303' title='bbox 1294 3383 1605 3432; x_wconf 87' lang='lat' dir='ltr'>imitationem</span> <span class='ocrx_word' id='word_1_304' title='bbox 1640 3383 1920 3430; x_wconf 81' lang='lat' dir='ltr'>affinxerunt</span> <span class='ocrx_word' id='word_1_305' title='bbox 1947 3381 2025 3430; x_wconf 88' lang='lat' dir='ltr'>alii</span> <span class='ocrx_word' id='word_1_306' title='bbox 2047 3400 2065 3439; x_wconf 73' lang='lat'><em>3</em></span> 
     </span>
     <span class='ocr_line' id='line_1_39' title="bbox 414 3455 2061 3525; baseline -0.003 -16"><span class='ocrx_word' id='word_1_307' title='bbox 414 3459 537 3525; x_wconf 84' lang='lat' dir='ltr'>quod</span> <span class='ocrx_word' id='word_1_308' title='bbox 577 3459 789 3522; x_wconf 87' lang='lat' dir='ltr'>sequutus</span> <span class='ocrx_word' id='word_1_309' title='bbox 821 3458 894 3523; x_wconf 63' lang='lat' dir='ltr'>⁴est</span> <span class='ocrx_word' id='word_1_310' title='bbox 937 3459 1186 3524; x_wconf 87' lang='lat' dir='ltr'>Virgilius.</span> <span class='ocrx_word' id='word_1_311' title='bbox 1269 3459 1466 3508; x_wconf 89' lang='lat' dir='ltr'>Pontem</span> <span class='ocrx_word' id='word_1_312' title='bbox 1495 3458 1629 3507; x_wconf 91' lang='lat' dir='ltr'>addit</span> <span class='ocrx_word' id='word_1_313' title='bbox 1675 3457 1845 3506; x_wconf 83' lang='lat' dir='ltr'>Manil.</span> <span class='ocrx_word' id='word_1_314' title='bbox 1874 3455 1946 3512; x_wconf 81' lang='lat' dir='ltr'>V,&#39;</span> <span class='ocrx_word' id='word_1_315' title='bbox 1977 3473 2061 3523; x_wconf 84' lang='lat'>9²·</span> 
     </span>
     <span class='ocr_line' id='line_1_40' title="bbox 419 3531 2062 3598; baseline -0.004 -14"><span class='ocrx_word' id='word_1_316' title='bbox 419 3536 825 3597; x_wconf 52' lang='lat' dir='ltr'>Salmoneus-*qui</span> <span class='ocrx_word' id='word_1_317' title='bbox 841 3532 986 3582; x_wconf 85' lang='lat' dir='ltr'><em>caelum</em></span> <span class='ocrx_word' id='word_1_318' title='bbox 1001 3539 1197 3584; x_wconf 80' lang='lat' dir='ltr'>imitatus</span> <span class='ocrx_word' id='word_1_319' title='bbox 1221 3541 1267 3583; x_wconf 84' lang='lat' dir='ltr'>in</span> <span class='ocrx_word' id='word_1_320' title='bbox 1288 3531 1408 3591; x_wconf 61' lang='lat' dir='ltr'>orbe,</span> <span class='ocrx_word' id='word_1_321' title='bbox 1439 3532 1647 3582; x_wconf 80' lang='lat' dir='ltr'>Pontibus</span> <span class='ocrx_word' id='word_1_322' title='bbox 1683 3535 1886 3598; x_wconf 74' lang='lat' dir='ltr'>inpositis,</span> <span class='ocrx_word' id='word_1_323' title='bbox 1918 3534 2062 3595; x_wconf 73' lang='lat' dir='ltr'>mifflſs</span> 
     </span>
     <span class='ocr_line' id='line_1_41' title="bbox 414 3607 2062 3678; baseline -0.006 -15"><span class='ocrx_word' id='word_1_324' title='bbox 414 3628 494 3678; x_wconf 59' lang='lat' dir='ltr'>que</span> <span class='ocrx_word' id='word_1_325' title='bbox 505 3623 584 3675; x_wconf 82' lang='lat' dir='ltr'>per</span> <span class='ocrx_word' id='word_1_326' title='bbox 602 3613 711 3662; x_wconf 64' lang='lat' dir='ltr'>afra</span> <span class='ocrx_word' id='word_1_327' title='bbox 729 3610 972 3675; x_wconf 83' lang='lat' dir='ltr'>quadrigis,</span> <span class='ocrx_word' id='word_1_328' title='bbox 1004 3609 1249 3676; x_wconf 78' lang='lat' dir='ltr'>Exprffffl</span> <span class='ocrx_word' id='word_1_329' title='bbox 1265 3612 1416 3677; x_wconf 72' lang='lat' dir='ltr'>finum</span> <span class='ocrx_word' id='word_1_330' title='bbox 1445 3611 1590 3660; x_wconf 78' lang='lat' dir='ltr'>mundi</span> <span class='ocrx_word' id='word_1_331' title='bbox 1606 3607 1699 3676; x_wconf 80' lang='lat' dir='ltr'>fibi</span> <span class='ocrx_word' id='word_1_332' title='bbox 1720 3610 1842 3673; x_wconf 65' lang='lat' dir='ltr'>vistis</span> <span class='ocrx_word' id='word_1_333' title='bbox 1864 3620 1905 3654; x_wconf 89' lang='lat' dir='ltr'>et</span> <span class='ocrx_word' id='word_1_334' title='bbox 1935 3611 2062 3670; x_wconf 67' lang='lat' dir='ltr'>1’j2sum</span> 
     </span>
    </p>

    <p class='ocr_par' dir='ltr' id='par_1_9' title="bbox 1734 3682 2065 3748">
     <span class='ocr_line' id='line_1_42' title="bbox 1734 3682 2065 3748; baseline -0.009 -14"><span class='ocrx_word' id='word_1_335' title='bbox 1734 3731 1735 3735; x_wconf 74' lang='grc'>,</span> <span class='ocrx_word' id='word_1_336' title='bbox 1812 3682 2065 3748; x_wconf 73' lang='lat' dir='ltr'>Admoviffl</span> 
     </span>
    </p>
   </div>
   <div class='ocr_carea' id='block_1_8' title="bbox 2258 2737 2294 4030">
    <p class='ocr_par' dir='ltr' id='par_1_10' title="bbox 2258 2737 2294 4030">
     <span class='ocr_line' id='line_1_43' title="bbox 2258 2737 2294 4030; baseline 0 0"><span class='ocrx_word' id='word_1_337' title='bbox 2258 2737 2294 4030; x_wconf 95' lang='lat' dir='ltr'> </span> 
     </span>
    </p>
   </div>
  </div>
 </body>
</html>
