2294 4030
1690 284 1814 378 ,πῆ

1695 442 1811 519 745

408 314 413 319 ·
496 282 1020 367 AENE1nos,
1089 269 1448 358 ΜΒΝ».
1524 340 1535 356 ,

79 532 84 535 X
168 440 386 523 Donec
414 446 594 527 longa
620 444 767 519 dies,
807 441 1070 524 perfecto
1097 436 1385 519 temporis
1413 435 1579 508 orbe,

173 542 540 640 ponci-etam
566 554 789 614 exemit
816 551 1034 623 labem,
1073 568 1413 630 purumque
1440 546 1680 628 reliquit

177 651 523 731 AEtherium
551 665 801 738 sensum,
842 680 1018 745 atque
1037 664 1199 724 aurai
1227 661 1513 743 firnplicis
1541 662 1770 745 ignem:

179 782 311 844 Has
336 779 552 851 omniS,
590 776 697 836 ubi
724 772 892 834 mille
919 789 1112 833 rotam
1140 772 1376 832 volvere
1397 793 1505 852 per
1532 791 1738 844 annOS,

182 979 188 985 .
234 938 334 997 3746.
362 944 476 984 tabem
495 943 634 988 Rom„
665 953 737 979 nec
749 931 826 978 'h-oc
844 932 964 979 male.
1021 936 1183 992 relinquit
1218 938 1361 993 fragm.
1387 939 1519 980 Vatic.
1542 938 1700 979 Medic,
1731 948 1824 977 cum

181 1000 486 1060 aliia—747.
515 1021 611 1045 aurae
640 1017 779 1044 omnes
801 1002 884 1042 fere
913 1003 1027 1043 codd.
1067 1004 1202 1044 Heins.
1236 1013 1278 1045 et
1311 1005 1419 1045 Piera
1449 1013 1489 1044 et
1523 1004 1667 1056 fragm.
1690 1002 1824 1042 Vatic.

185 1075 264 1115 Sed
281 1072 417 1113 valer.
440 1069 594 1118 Probus
604 1068 709 1107 inter
725 1076 894 1119 quatuor
911 1066 1016 1105 locos
1033 1069 1170 1116 refert,
1200 1069 1241 1107 in
1259 1069 1401 1121 quibus
1427 1069 1588 1120 antiqua
1604 1068 1671 1107 illa
1687 1068 1820 1108 forma

184 1137 363 1192 Virgilio
392 1134 600 1189 placuerit.
671 1135 762 1185 ignes
796 1131 920 1170 Goth.
952 1140 1044 1170 tert.
1159 1132 1249 1183 748.
1281 1143 1372 1172 rotas
1402 1137 1562 1187 Menag.
1596 1147 1654 1186 pr.
1713 1142 1825 1173 rotam

183 1205 345 1244 evolvere
363 1198 545 1240 Parthas.
600 1198 664 1252 Jo.
687 1195 895 1235 Schrader.
918 1195 1021 1248 conj.
1050 1204 1151 1245 rotae,
1177 1206 1221 1236 ut
1242 1196 1315 1237 fint
1328 1208 1542 1239 tormenta.
1568 1211 1608 1238 v-
1626 1198 1727 1242 Not.

183 1333 418 1390 pffetantul·
448 1335 552 1367 cum
575 1314 779 1389 Lutat}9‚
815 1326 864 1360 ut
882 1313 968 1361 fint
1048 1334 1147 1366 rum
1173 1321 1340 1370 comite
1365 1323 1519 1371 addita
1543 1326 1746 1382 redeunt,
1771 1333 1823 1372 ut

160 1406 162 1408 ’
186 1402 349 1455 poenae.
419 1388 483 1431 At
503 1383 642 1447 potest
664 1382 765 1428 alus
787 1395 968 1442 quoque
1053 1400 1079 1429 a
1122 1383 1325 1433 sontibus
1372 1405 1524 1451 poenas
1581 1401 1824 1453 expetant:

189 1453 339 1501 modis
377 1447 598 1514 suppleri:
655 1460 768 1508 quos
805 1443 968 1490 Manes

109 1522 111 1526 '
189 1516 318 1565 adire
334 1515 515 1576 animus
535 1510 625 1558 fuit
639 1509 728 1556 tibi
746 1511 762 1554 ?
810 1508 870 1555 Et
890 1510 969 1555 sta-

189 1582 276 1630 tim
312 1598 358 1628 v.
396 1595 475 1645 90-
541 1593 556 1623 1
581 1577 747 1636 studiis
766 1572 972 1619 Manibus

125 1700 127 1706 ,
190 1644 372 1710 vulgari
412 1595 536 1691 sensi}
578 1640 742 1685 iterum
777 1637 969 1708 ditium.

194 1709 366 1758 Sanctii
383 1702 690 1769 interpretatio
711 1701 760 1748 in
791 1701 972 1748 Miner-

21 1780 26 1787 ’
105 1799 108 1802 ’
189 1788 250 1823 ’νει
271 1793 319 1840 p.
361 1777 470 1836 825.
512 1770 625 1822 826,
657 1778 726 1821 ut,
758 1766 972 1828 quemad-

195 1842 384 1888 modum
408 1832 515 1883 mali
554 1831 787 1896 patiuntur
808 1831 973 1876 Lemu-

197 1921 269 1952 res
295 1916 340 1952 et
371 1904 537 1950 Larvas
554 1912 731 1951 eorum,
766 1911 878 1957 quos
899 1894 973 1940 lae-

193 1969 349 2016 serunt
393 1966 462 2013 vel
497 1971 733 2013 necarunt,
766 1959 826 2006 fic
864 1958 975 2005 boni

113 2046 115 2048 ’
198 2033 430 2098 patiantur
446 2026 651 2093 proprios
668 2024 848 2077 Manes,
869 2039 978 2069 con-

200 2110 322 2145 torta
360 2097 435 2143 est.
471 2090 654 2137 -Cerda
686 2093 787 2152 pati
821 2089 979 2134 Manes

198 2155 376 2210 dic'tum⁴
410 2157 523 2210 vult,
566 2167 635 2209 ut,
681 2158 780 2216 pati
802 2153 973 2200 Furias.

116 2232 123 2236 ’
206 2228 297 2275 Sed
318 2227 406 2272 hoc
429 2219 546 2270 nihil
580 2217 784 2282 expedit,
832 2233 914 2263 nec
948 2216 979 2262 fi

199 2294 312 2340 deos
328 2289 493 2337 inferos
513 2283 702 2331 omnino
737 2283 820 2329 effe
858 2282 903 2329 h.
943 2281 978 2327 l.

201 2355 375 2404 dixeris
392 2353 569 2405 Manes,
602 2360 653 2395 ut
672 2346 764 2394 Ge.
779 2346 871 2401 IV,
884 2348 979 2410 489

203 2433 251 2469 et
271 2419 401 2468 alibi.
456 2415 535 2461 Ad
555 2413 669 2460 duos
690 2411 884 2464 Genios,
902 2411 982 2473 qui

200 2483 385 2533 *homini
405 2480 581 2534 adsunt,
601 2476 820 2524 referebat
841 2477 982 2521 altero

209 2551 317 2598 loco
341 2544 556 2600 Servium
611 2541 687 2589 sed
710 2541 905 2588 alienum
935 2539 984 2586 id

201 2614 269 2663 'ab
309 2613 361 2662 h.
403 2611 436 2657 l.
503 2606 673 2656 Melius
695 2605 859 2652 Ruaeus
894 2604 983 2650 dae-

208 2695 367 2727 monas
405 2676 495 2722 huc
518 2668 663 2720 'vocat
702 2686 758 2717 ex
802 2669 987 2732 ‚Platone

211 2747 280 2804 (v.
296 2759 338 2791 c.
357 2742 405 2790 in
413 2737 637 2786 Phaedone
649 2753 694 2800 p.
711 2738 772 2784 80
785 2735 836 2781 B.
851 2733 966 2796 Frf.)
973 2753 986 2790 3

196 2807 292 2855 -sed
313 2805 531 2869 nusquam
550 2801 608 2848 ab
628 2801 716 2848 hoc
746 2798 987 2847 memorari

208 2871 370 2927 video,
431 2867 686 2915 cruciatum
759 2863 990 2910 animabus

134 2975 135 2979 ,
211 2935 374 2984 inferri
395 2934 454 2981 ab·
469 2931 564 2979 ullo
580 2932 796 2978 daemone.
833 2928 988 2975 Valer.

214 2999 294 3047 Fi.
309 2999 404 3054 III,
441 2999 553 3059 389,
595 2996 677 3060 qui
696 2995 815 3041 hunc
837 2993 988 3040 locum

214 3077 322 3113 ante
343 3061 499 3111 oculos
517 3060 693 3115 habuit,
727 3058 988 3121 interpreta-

213 3129 389 3176 tionem
427 3126 475 3172 in
500 3136 703 3170 neutram
725 3135 896 3186 partem
919 3122 990 3167 in·

213 3192 395 3248 flestit3
436 3203 540 3235 nam
580 3187 714 3234 aliam
751 3188 881 3250 plane
912 3185 991 3236 ille

211 3258 438 3306 :ationem
456 3251 592 3300 iniit:
628 3250 808 3298 Animae
822 3249 990 3297 violen-

222 3333 270 3370 ta
311 3333 457 3368 morte
496 3315 592 3364 vita
616 3316 825 3380 ¹expulsae
872 3315 992 3378 apud

202 3384 462 3444 r-Plutonem
504 3381 565 3428 de
598 3381 764 3444 injuria
796 3393 994 3442 conque-

165 3468 170 3471 *
199 3462 412 3510 *tuntum
459 3462 555 3511 tum
588 3446 680 3496 inae
713 3442 995 3495 una..Furia-

1051 1449 1232 1515 Qgsqzze
1231 1456 1332 1511 suos
1332 1458 1470 1513 sontes
1485 1462 1724 1518 inimicaque
1732 1469 1829 1518 pec-

1052 1526 1142 1560 tora
1178 1522 1317 1577 poem's
1356 1518 1580 1579 Implicat3
1626 1534 1667 1566 et
1691 1527 1828 1566 varia

1054 1585 1447 1643 meritosfirmidine
1458 1583 1647 1644 pzcffant.
1714 1600 1829 1648 744.

1046 1654 1127 1704 per
1164 1645 1362 1706 Elysium,
1395 1647 1442 1692 h.
1484 1662 1524 1693 e.
1567 1648 1640 1696 ad.
1708 1648 1831 1702 Alii,

1054 1718 1100 1752 et
1132 1707 1191 1754 fic
1221 1710 1315 1769 jam
1350 1710 1518 1767 Cerda,
1550 1712 1833 1776 distinguunt

1056 1770 1160 1818 laeta
1181 1793 1304 1820 arva
1326 1774 1382 1819 ab
1404 1775 1562 1838 Efyfi03
1616 1776 1691 1824 sed
1731 1793 1833 1840 per-

1056 1847 1192 1897 petuo
1215 1837 1294 1883 usu
1331 1839 1548 1901 loquendi
1585 1841 1642 1887 de
1671 1844 1833 1889 eodem

1055 1900 1159 1947 loco
1202 1901 1296 1947 haec
1347 1902 1468 1950 dicta
1526 1904 1836 1955 inveniuntur.

1054 1963 1212 2027 Itaque
1226 1982 1308 2012 nec
1317 1966 1497 2026 jortino
1506 1971 1716 2017 accedere
1737 1971 1841 2034 pos·-

1056 2029 1153 2075 sum
1178 2047 1223 2092 p.
1258 2033 1347 2078 262
1373 2031 1437 2095 sq.

1062 2155 1073 2166 .
1125 2111 1393 2160 745--747.
1428 2096 1576 2161 Igitur
1609 2110 1686 2144 aut
1718 2110 1839 2146 no‘v'a

1060 2174 1110 2204 1n
1133 2158 1285 2220 Elyfio
1323 2161 1371 2207 fit
1393 2175 1469 2207 aut
1502 2161 1713 2210 inchoata
1733 2176 1836 2210 ante

1060 2222 1269 2285 purgatio
1313 2225 1562 2272 animarum
1597 2226 1644 2272 in
1684 2226 1837 2290 Elyfio

1061 2286 1336 2344 absolvitur3
1372 2289 1448 2335 sed
1484 2308 1527 2337 ν.
1561 2290 1672 2337 Var.
1707 2293 1837 2340 Lest-

1054 2356 1238 2415 perfec‘lo
1259 2358 1443 2417 temporis
1464 2355 1575 2410 orbe,
1599 2356 1838 2404 definitum

1060 2418 1155 2478 post
1177 2427 1370 2480 tempus,
1403 2418 1448 2464 h.
1471 2434 1511 2466 e.
1534 2421 1663 2467 mille
1683 2437 1840 2470 annos-0

1054 2493 1288 2544 purumque
1317 2501 1355 2528 r.
1391 2483 1637 2532 AEtherium
1651 2489 1839 2548 sensum,

1065 2558 1257 2591 mentem
1291 2544 1416 2594 illam
1437 2553 1598 2611 (sengsus
1628 2566 1710 2612 pro
1739 2565 1840 2612 per-

1064 2609 1270 2672 ceptione
1307 2623 1352 2656 et
1387 2613 1566 2673 judicio
1609 2614 1753 2659 animi
1792 2625 1839 2659 et

1064 2673 1173 2721 hinc
1187 2691 1271 2737 pro
1293 2674 1461 2737 animo)
1499 2693 1554 2723 ex
1577 2678 1738 2724 aethere
1758 2678 1841 2723 de-

1065 2738 1268 2793 ductam,
1315 2754 1508 2803 cumque
1541 2742 1661 2788 idem
1706 2743 1843 2787 aether

1069 2802 1123 2849 fit
1139 2803 1258 2867 ignis
1280 2804 1545 2868 puriffimus,
1567 2806 1839 2868 explicative

1068 2868 1278 2930 subjicit:
1335 2883 1457 2932 alque
1496 2879 1625 2917 aurai
1639 2871 1841 2932 fimplicis

1070 2940 1221 2998 ignem.
1290 2932 1362 2979 De
1382 2933 1480 2996 igni
1497 2954 1646 2982 auram
1663 2934 1844 2997 proprie

1071 2997 1185 3053 dici,
1220 3010 1269 3044 ut
1309 2999 1367 3045 de
1409 3000 1524 3052 luce,
1571 2998 1699 3061 supra
1720 2997 1843 3044 vidi-

1074 3079 1186 3110 mus,
1278 3061 1434 3125 Itaque
1476 3063 1628 3109 anima
1665 3062 1844 3108 tandem

1073 3127 1127 3174 ad
1175 3126 1403 3191 pristinam
1438 3125 1682 3189 pu1itatern
1708 3126 1846 3174 aethe-

1073 3207 1190 3238 ream
1210 3190 1466 3238 restituitur.

1168 3260 1406 3320 48*:.⁶.-75'1.
1454 3253 1538 3301 ubr'
1568 3253 1679 3302 mille
1713 3266 1847 3301 rotam

1072 3339 1129 3368 ‘vo
1148 3340 1250 3367 vere
1284 3333 1364 3382 per
1402 3338 1545 3367 annos.
1609 3318 1682 3365 De
1720 3316 1846 3364 sensu

1073 3386 1243 3431 constat
1275 3399 1331 3431 ex
1360 3400 1403 3431 v.
1428 3399 1519 3447 745
1537 3388 1717 3448 perfido
1746 3394 1858 3439 temp·

1065 3456 1178 3514 poris
1198 3447 1311 3511 orbe,
1376 3447 1531 3497 Verba
1569 3463 1626 3496 ex
1667 3444 1849 3518 vulgari
1879 3472 1881 3474 -

1679 3521 1852 3558 rimone
