2372 4030
420 362 564 446 240
684 347 753 412 Ρ.
820 349 1295 413 VIRGILH
1363 336 1858 414 MARONIS‘

490 522 838 602 Despiciens
868 540 1030 582 mare
1057 522 1402 594 velivolum,
1430 521 1730 611 terrasque
1750 516 2030 600 jacentiS,-
2095 572 2098 575 Α
2132 574 2139 579 .

484 633 828 715 Litoraque,
858 651 915 695 et
942 636 1087 695 latos
1118 631 1390 713 populOS,
1418 633 1497 692 fic
1525 632 1751 692 vertice
1773 632 1922 692 coeli
2005 647 2078 690 22
2086 641 2122 715 5

487 746 788 820 Constitit,
818 763 876 806 et
906 747 1118 826 Libyae
1145 746 1357 805 defixit
1387 746 1616 805 lumina
1643 746 1867 826 regnis-

484 859 684 937 Atque
713 859 887 919 illum
916 860 1046 927 talis
1065 858 1396 938 jactantem
1423 857 1664 934 pectore
1692 875 1861 916 curas

487 970 758 1044 Tristior,
784 987 843 1031 et
870 971 1134 1031 lacrimis
1162 970 1365 1029 oculos
1396 967 1609 1028 suffusa
1637 967 1900 1042 nitentiS,

540 1175 634 1212 224.
663 1164 853 1217 Respiciens
885 1161 1018 1215 Bigot.
1074 1162 1246 1214 dispicz‘ens
1277 1159 1372 1208 duo,
1397 1167 1438 1199 et
1460 1161 1666 1213 prespiciens
1697 1160 1777 1199 duo
1797 1158 1866 1198 alii
1898 1171 1962 1213 ap.
1990 1159 2134 1202 Burm„

485 1227 553 1269 fed
581 1230 753 1282 despiciens
780 1229 902 1267 etiam
935 1226 1122 1266 Macrob.
1144 1228 1201 1264 VI
1223 1228 1303 1264 Sat.
1326 1238 1367 1273 4.
1422 1228 1599 1277 terrasque
1618 1227 1757 1287 latentes
1777 1224 1926 1264 Hamb.

864 1303 957 1341 227.
987 1292 1116 1331 Miror
1136 1291 1340 1330 neminem
1361 1289 1402 1329 in
1422 1293 1509 1328 tales
1529 1288 1691 1338 haefiffe,
1719 1299 1759 1329 et
1778 1293 1901 1328 tacitas
1918 1305 2020 1329 curas
2039 1302 2136 1329 con-

485 1296 590 1333 terris
608 1295 750 1346 Puget.

486 1356 664 1411 jes-tasse.
724 1357 799 1396 Sed
821 1356 869 1395 cf.
892 1366 976 1396 not.

2039 1224 2136 1266 226⁴

1089 1356 1181 1396 228.
1212 1365 1311 1408 atque
1329 1357 1433 1393 oculos
1452 1358 1614 1408 lacrymis
1620 1357 1661 1407 s.
1694 1354 1918 1395 Priscianus
1935 1363 1976 1395 et
1994 1354 2138 1395 Almi,

486 1436 564 1463 nus
581 1435 644 1476 ap'.
664 1414 807 1461 Heins.
864 1423 970 1474 qffufiz
991 1421 1149 1461 Servius
1165 1421 1260 1460 citat
1279 1420 1352 1459 inf.
1371 1420 1422 1459 ad
1440 1419 1534 1468 482.

488 1570 651 1630 majus,
685 1568 995 1615 Romanorum
1018 1568 1190 1616 animos
1221 1569 1270 1616 in
1352 1577 1519 1614 temere
1565 1566 1640 1615 vel
1681 1567 1855 1624 frustra,
1901 1569 1994 1624 sed,
2061 1569 2143 1626 fica

488 1633 1001 1681 carminisstatimaditu
1018 1635 1065 1680 in
1081 1633 1268 1681 AEneam
1352 1632 1419 1678 uti
1462 1649 1527 1678 res
1581 1633 1624 1678 se
1675 1633 1828 1690 habet,
1878 1652 1970 1698 quo
2030 1636 2142 1682 statu

487 1706 533 1740 et
568 1710 710 1744 totam
745 1697 857 1744 adeo
889 1698 1103 1745 carminis
1140 1698 1269 1745 fabu-

491 1759 584 1807 lam
625 1762 841 1809 advertat.
910 1762 1072 1810 Lineas
1108 1763 1274 1826 primas

489 1823 625 1887 hujus
661 1826 844 1872 artificii
866 1827 1018 1874 videas
1042 1829 1089 1873 in
1113 1827 1272 1890 Odyff.

489 1911 526 1942 ε,
569 1907 594 1954 5¹
631 1889 751 1953 sqq„
788 1890 869 1937 ubi
905 1891 1117 1938 Minerva
1154 1893 1276 1956 apud

488 1953 654 2015 Jovem
698 1961 767 2016 (ut
800 1956 897 2018 jam
933 1956 1089 2019 Odyff.
1137 1980 1167 2003 a
1206 1973 1275 2019 pr.

489 2017 678 2080 fecerat)
721 2020 777 2066 de
813 2020 1062 2084 intercepto
1106 2020 1271 2083 Ulyffis

490 2082 643 2129 reditu
701 2085 1011 2147 conqueritur,
1073 2085 1274 2132 mittitur

486 2147 746 2195 etiamtum
780 2149 1055 2197 Mercurius,
1121 2150 1273 2197 Vene-

489 2227 585 2258 rem
607 2212 714 2272 Jovi
748 2214 990 2276 supplicem
1016 2226 1122 2261 nota
1145 2232 1271 2278 gem-

491 2292 584 2339 ma,
608 2276 683 2324 sed
705 2294 731 2323 a
754 2279 1018 2334 recentiore,
1052 2278 1271 2343 suspicor,

492 2357 649 2397 manu,
701 2343 939 2405 expressam
981 2344 1039 2389 ad
1086 2344 1274 2408 Virgilii

488 2405 623 2467 plane
643 2406 829 2453 ductum
848 2407 1000 2454 videre
1017 2409 1124 2455 licet
1150 2414 1272 2468 (curn

491 2468 607 2515 alibi
643 2482 738 2516 tum
782 2473 830 2517 in
871 2473 985 2519 Saite
1023 2476 1090 2519 des
1113 2477 1276 2521 Pierres

484 2538 673 2599 gravies
705 2549 796 2598 par
844 2537 964 2584 Mme
1005 2539 1042 2585 le
1084 2541 1184 2600 Hcy
1228 2559 1272 2586 n.

490 2598 632 2659 XV.)

559 2662 615 2709 In
656 2665 781 2712 verss‘.
846 2681 1097 2731 223——227
1142 2667 1272 2730 plura

493 2726 690 2775 Homeri
726 2731 828 2776 loca
861 2743 965 2778 ante
996 2733 1153 2779 oculos
1193 2732 1274 2777 ha-

491 2791 625 2840 buit:
663 2792 871 2857 inprimis
888 2795 1024 2843 Iliad.
1051 2819 1086 2852 ν,
1127 2811 1194 2860 pr.
1230 2807 1276 2842 et

493 2855 545 2913 S,
590 2873 668 2920 51.
715 2875 794 2923 52.
881 2880 997 2907 mare
1037 2860 1272 2908 ‘velivolum

493 2921 732 2985 exquisite,
768 2923 814 2970 in
851 2941 943 2987 quo
975 2925 1072 2971 vela
1103 2927 1275 2981 volant,

496 3002 603 3034 cum
634 2987 818 3051 proprie
847 3005 980 3039 naves
1002 2989 1086 3035 sint
1106 2990 1274 3037 velivo-

497 3051 572 3098 lae·
639 3065 777 3099 terras
813 3054 1003 3116 jacentes
1045 3054 1275 3117 praeclare,

494 3115 692 3178 respectu
730 3115 914 3178 quidem
951 3118 1078 3180 jovis
1098 3134 1154 3164 ex
1185 3119 1278 3166 alto

494 3179 827 3252 prospicientis,
911 3183 1124 3246 porrectae
1196 3182 1278 3230 sub

496 3243 596 3307 lpso
635 3257 680 3290 et
721 3244 811 3292 late
848 3259 1048 3310 patentes
1061 3267 1076 3305 3
1120 3259 1277 3310 quam-

498 3324 634 3371 quam
697 3322 827 3356 terrae
869 3314 1080 3375 jacentes,
1135 3325 1279 3376 gentes

481 3375 694 3438 jacentes,
726 3386 771 3419 et
793 3373 904 3421 alibi
923 3391 996 3439 ap.
1019 3381 1177 3440 poetas
1197 3391 1277 3422 oc-

495 3448 688 3483 currunt
717 3437 979 3502 simpliciter
1046 3442 1187 3502 st'tae:
1221 3439 1277 3487 fi-

500 3499 673 3548 militer
717 3501 803 3549 lati
831 3505 974 3568 populi
1007 3454 1108 3551 {tint
1148 3503 1277 3552 diffi.

478 3565 571 3630 fic,
631 3565 786 3623 αὕτως,
835 3583 927 3616 non
987 3568 1162 3635 semper
1215 3570 1279 3620 est

1350 1694 1432 1742 illa
1470 1697 1561 1743 est:
1592 1699 1708 1758 ficut
1749 1713 1860 1753 erat,
1907 1699 2142 1747 Romano-

1358 1777 1459 1806 rum
1500 1767 1755 1824 poetarum,
1801 1763 1863 1809 cf.
1920 1762 2058 1812 Iliad.
2103 1788 2142 1817 ε,

1359 1842 1483 1888 2553
1517 1838 1562 1871 et
1602 1825 1737 1872 habet
1775 1827 1869 1873 fere
1921 1831 2144 1887 μιμητικὸν

1358 1889 1554 1951 alequid,
1589 1902 1639 1935 ut
1666 1891 1799 1939 Iliad.
1826 1915 1874 1952 γ,
1899 1911 1995 1942 220
2018 1897 2144 1956 φαίης

1358 1977 1420 2000 κεν
1445 1953 1614 2014 ζάκοτόν
1650 1977 1743 2003 τινα
1777 1961 1947 2016 ἔμμεναι
1983 1961 2146 2024 dogm&

1359 2018 1405 2064 θ’
1429 2022 1578 2067 αὕτως.
1603 2020 1666 2068 Cf.
1707 2020 1843 2068 Iliad.
1878 2021 1919 2083 ζ,
1953 2042 2065 2088 400·
2097 2049 2144 2085 ⁷1,

1365 2100 1470 2133 roo.
1516 2108 1560 2139 κ,
1611 2101 1689 2150 50.
1733 2099 1782 2142 λ,
1817 2091 1924 2149 388.
1991 2102 2036 2136 et
2079 2093 2142 2141 al.

1359 2147 1472 2195 Non
1509 2162 1674 2196 temere
1706 2151 1866 2212 Jovem
1902 2153 2058 2201 oculos
2092 2156 2143 2204 in

1358 2212 1533 2259 Africae
1565 2214 1718 2260 littora
1754 2228 1801 2263 et
1837 2217 1994 2264 AEneae
2031 2236 2145 2267 nau-

1358 2276 1555 2342 fragium
1591 2279 1786 2327 intentos
1825 2281 2037 2340 habuisse,
2072 2302 2144 2333 ar-

1358 2355 1506 2403 guunt
1555 2343 1661 2390 illa:
1730 2348 1876 2407 dqfixit
1916 2346 2146 2396 lumina-—

1358 2406 1462 2452 tales
1503 2410 1746 2471 jaHantem
1789 2419 1954 2473 pedore
2005 2433 2144 2464 curas.

1359 2469 1511 2532 Igitur
1564 2472 1907 2535 accipiendum:
1946 2479 2036 2539 sic,
2090 2491 2144 2527 ut

1357 2546 1472 2589 erat,
1494 2539 1707 2599 despiciens
1722 2543 1911 2601 corstitit,
1933 2558 2016 2604 pro
2038 2541 2144 2590 fim-

1357 2598 1489 2661 plici,
1534 2601 1762 2665 prospexit
1801 2615 1959 2652 terras«
2051 2609 2144 2654 Or-

1360 2674 1480 2717 nate,
1528 2670 1715 2728 corstitit,
1761 2671 1886 2730 quod
1939 2670 2146 2722 hominen

1358 2727 1504 2774 facere
1541 2730 1701 2787 solent,
1733 2732 1812 2796 qui
1850 2735 2006 2782 oculos
2042 2737 2144 2784 ani-1

1361 2809 1574 2856 mumque
1595 2795 1641 2841 in
1666 2797 1863 2861 aliquam
1882 2815 1973 2847 rem
1995 2800 2145 2850 inten-

1360 2855 1497 2912 dunt,-
1548 2859 1752 2918 (stantem
1795 2875 1943 2910 autem
1984 2879 2181 2914 contra»

1361 2938 1553 2977 morem,
1587 2940 1678 2971 non
1715 2926 1938 2974 sedentem
1976 2928 2145 2990 Jovem

1361 2985 1438 3033 hic
1472 2987 1674 3051 cogitare
1709 2992 1876 3038 neceffe
1896 2993 1977 3055 est)
2005 3006 2052 3043 et
2072 2998 2144 3043 de-

1345 3053 1459 3114 fixit
1512 3051 1640 3100 oculos
1683 3064 1818 3119 regatis
1870 3057 1956 3103 Lib
1979 3081 2039 3116 ae,
2088 3059 2148 3110 in

1360 3116 1515 3162 littore
1536 3115 1726 3175 Africae,
1758 3120 1816 3166 ad
1833 3139 1894 3185 qu
1977 3121 2147 3185 AEneas

1361 3195 1494 3227 naves
1553 3181 1840 3233 subduxerat.
1928 3186 2148 3237 Notabili

1360 3255 1508 3292 autem
1544 3246 1766 3316 orationis
1804 3248 2024 3299 brevitate
2060 3253 2149 3316 Jo-

1361 3326 1465 3357 vem
1495 3308 1856 3373 cogitabundum
1876 3314 2035 3366 stetiss‘e
2063 3318 2148 3373 de-

1363 3374 1505 3422 clarat
1526 3376 1680 3438 poe'ta‚
1698 3388 1744 3423 et
1764 3397 1906 3436 curas,
1927 3380 2147 3445 cogitati-

1361 3454 1470 3486 ones
1502 3450 1550 3485 et
1585 3440 1791 3499 confilia,
1822 3443 1880 3491 de
1913 3442 2145 3508 Trojano-

1361 3517 1464 3550 rum
1484 3503 1739 3553 calamitate
1755 3506 1953 3572 agitaffe.
1983 3508 2149 3574 Itaque

1360 3565 1563 3635 respectu
1600 3575 1657 3618 τῖς
1680 3570 1766 3634 fic'
1790 3571 1999 3637 subjicit,
2030 3574 2145 3630 tales

2021 3657 2161 3711 ⁶12⁹&
