2372 4030
433 331 605 389 xm!
770 298 1590 399 DISQUISITIG
1662 300 1717 380 Ῐ.

431 469 570 568 cor,
633 489 948 581 Virgilius
1003 476 1266 556 affid'ue
1297 490 1596 556 trafiavit
1647 499 1715 557 et
1772 490 2084 568 orationiss

437 605 722 672 colorem
754 601 904 670 inde
935 600 1151 669 duxit.
1249 599 1489 692 Neque
1512 589 1649 669 dic}
1666 602 1899 692 potest,
1948 614 2085 671 non

376 716 389 727 '
435 718 669 793 studio,
718 716 826 784 sed
875 715 1023 783 casu
1071 728 1179 782 aut
1227 703 1614 791 necestitate,-
1663 703 1978 787 Graecum
2016 728 2084 791 et

436 833 821 899 Romanum
852 829 1147 922 poetam,
1198 826 1362 894 dum
1416 828 1699 895 eundem
1748 839 1966 897 rerum
2019 845 2093 898 et
2170 818 2174 821 ⁵

433 941 893 1012 sententiarum
923 943 1150 1010 orbem
1180 940 1388 1007 libero
1419 940 1661 1006 mentis
1688 952 1909 1007 meam
1936 954 2089 1031 pe‘r·

433 1074 772 1149 vagantur,
787 1060 854 1125 in
871 1058 1047 1124 idem
1058 1052 1442 1147 phantasma
1454 1067 1561 1121 aut
1585 1043 1839 1120 sensum
1864 1065 1927 1120 et
1945 1044 2089 1120 dica

436 1187 583 1239 tum
608 1173 892 1240 incidere
917 1170 1191 1264 potuisse
1223 1193 1297 1237 ac
1315 1168 1621 1236 debuiffe.
1659 1167 1942 1236 Faffum
1957 1166 2089 1235 hoe

434 1288 665 1378 utique
688 1305 748 1354 et
769 1288 963 1380 saepe.
1015 1289 1164 1355 Nee
1194 1287 1493 1364 alterum,
1529 1284 1709 1376 quod
1736 1283 1904 1352 forte
1935 1295 2086 1350 mo*

437 1424 617 1480 neas,
669 1407 887 1494 negari
924 1403 1155 1496 potest,
1207 1403 1415 1470 multa
1444 1400 1672 1492 passim
1705 1400 1786 1466 ab
1817 1396 2083 1478 UrfinO,

439 1514 974 1598 Guelli0,Cerda,
986 1517 1528 1596 Clarki0,forteet
1541 1518 1620 1583 ab
1634 1516 1776 1583 aliis
1792 1528 1915 1608 pro
1930 1515 2088 1582 imi-

436 1631 585 1695 tatis
620 1649 680 1696 et
706 1632 1099 1699 adumbratis
1122 1632 1329 1699 afferri
1359 1651 1599 1698 temere
1615 1647 1678 1697 et
1703 1629 1832 1696 fine
1852 1628 2089 1720 judicii

436 1743 761 1819 acumine,
814 1767 964 1833 quae
997 1745 1247 1834 partim.
1274 1745 1770 1811 similitudinem
1800 1758 2084 1822 tantum,

437 1859 761 1927 interdum
822 1877 884 1927 et
938 1860 1109 1929 hanc
1166 1859 1315 1928 satis
1362 1860 1728 1937 obscuram,
1776 1858 2083 1937 habeant,

432 1977 675 2065 partim
707 1978 856 2043 talia
891 1976 1037 2058 fint,
1087 1994 1160 2046 ut
1191 1976 1376 2046 sanus
1433 1975 1711 2070 quisque
1759 1991 1823 2043 et
1862 1993 2086 2044 rerum

434 2091 804 2186 intelligens
835 2095 1069 2178 homo,
1122 2097 1168 2164 fi
1200 2095 1458 2164 easdem
1490 2120 1587 2164 res
1613 2106 1923 2188 exponat,
1975 2088 2089 2160 iis-

437 2207 589 2274 dem
622 2211 833 2278 modis
868 2235 942 2278 ac
973 2211 1212 2288 verbis,
1259 2210 1489 2278 iisdem
1525 2210 1806 2279 senfibus
1838 2233 1914 2277 ac
1942 2206 2089 2277 sen-

436 2327 651 2392 tentiis
705 2326 932 2395 usurus
1005 2327 1080 2395 fit
1100 2361 1123 2406 3
1196 2325 1565 2420 cujusmodi
1617 2327 1830 2394 multa
1884 2348 1921 2391 a
1978 2342 2089 2391 me

435 2442 664 2509 orniffa
697 2444 865 2525 sunt,
915 2446 1231 2512 nonnulla
1262 2469 1339 2512 eo
1370 2444 1638 2513 confilio
1661 2439 1973 2538 appofita,
2013 2456 2089 2511 ut

434 2561 918 2650 comparatione
945 2560 1118 2629 faeta
1142 2558 1374 2627 saltem
1402 2559 1748 2629 delestent.
1848 2559 2087 2628 Maro-

436 2671 505 2737 ni
539 2688 754 2738 tamen
789 2674 1152 2741 innumeris
1195 2674 1266 2740 in
1297 2674 1456 2741 locis
1489 2674 1745 2752 Graeca,
1800 2669 2093 2744 Homeri

434 2785 764 2876 inprimiS‚
816 2803 962 2855 ante
1010 2790 1234 2856 oculos
1293 2787 1499 2867 fuiffe,
1547 2789 1823 2881 probant
1871 2789 2082 2883 plura,

434 2914 497 2966 et
528 2902 821 2991 primum
850 2902 1118 2994 quidem
1152 2903 1349 2969 totius
1381 2904 1688 2974 carminis
1738 2903 2088 2999 descriptio

434 3014 511 3079 ab
551 3015 847 3083 Homero
878 3018 1105 3107 petita,
1158 3031 1252 3084 tot
1304 3017 1518 3087 versus
1561 3018 1642 3088 ad
1671 3018 1950 3090 verbum
1981 3022 2083 3091 la-

437 3128 570 3194 tine
629 3131 938 3227 conversi,
989 3148 1084 3199 tot
1135 3133 1303 3213 loca,
1385 3154 1536 3227 quae
1590 3132 2132 3229 exquifitiorem*

437 3244 688 3309 cultum
719 3261 781 3311 et
811 3263 1114 3314 ornatum
1143 3250 1246 3318 vel
1279 3268 1556 3318 acumen
1579 3253 1683 3320 vel
1714 3250 2090 3321 doctrinam

437 3370 547 3421 aut
598 3358 774 3424 aliud
837 3362 998 3451 quid
1058 3364 1409 3431 reconditae
1467 3380 1712 3432 naturae
1771 3354 2083 3456 produnt,

438 3491 587 3561 quae
612 3496 686 3540 ea
711 3472 1144 3569 simplicitate,
1189 3495 1270 3548 ut
1316 3481 1590 3575 reliqua,
1625 3476 2090 3549 ‘enuntiaturus

450 3615 456 3628 ·
487 3616 489 3618 ·
1498 3626 1503 3631 ·
1919 3606 2080 3674 erat,
