2372 4030
551 267 1069 342 AENEmos,
1132 268 1320 334 LlB.
1377 273 1425 333 1.
1735 295 1822 358 93'

179 439 295 506 Seu
323 459 430 500 vos
456 437 803 518 Hesperiam
831 457 1111 518 magnam
1135 437 1519 519 Saturniaque
1537 463 1693 516 arva,

183 559 321 624 Sive
349 557 562 636 Erycis
587 555 722 620 finis
749 575 1071 635 regemque
1099 557 1317 635 optatis
1346 558 1629 618 Acesten:
1698 578 1816 640 570

181 672 431 741 Auxilio
457 685 617 730 tutos
639 669 961 740 dimittam,
988 670 1315 749 opibusque
1327 669 1571 751 juvabo.

182 789 379 850 Vultis
406 801 466 847 et
493 786 585 846 his
610 805 852 846 mecum
879 785 1099 863 pariter
1126 784 1422 843 confidere
1449 788 1675 867 regnis?

95 923 97 925 ,
181 901 417 965 Urbem
442 919 626 979 quam
657 898 865 969 statu0,
887 897 1073 956 vestra
1095 897 1195 955 est.
1281 896 1604 957 Subducite
1625 921 1818 971 naves,

180 1016 336 1078 Tros
366 1013 700 1096 Tyriusque
731 1012 883 1088 mihi
910 1012 1076 1070 nullo
1103 1010 1448 1071 discrimine
1475 1030 1700 1094 agetur.

233 1179 328 1220 570.
358 1172 479 1211 Finem
494 1171 554 1212 ed.
576 1174 680 1211 Ven.
736 1185 949 1226 regnumque
962 1172 1093 1225 petatis
1116 1171 1280 1223 Menag.
1303 1180 1342 1210 et
1361 1172 1508 1212 Hamb.
1531 1188 1593 1227 pr.
1627 1185 1667 1214 et
1692 1185 1819 1228 quart.

181 1234 338 1282 Monet,
394 1237 522 1275 Porro
556 1249 597 1275 v.
632 1246 711 1285 571
752 1244 792 1274 et
821 1246 900 1284 573
941 1249 962 1273 a
997 1234 1119 1275 Goth.
1161 1244 1253 1275 tert.
1294 1235 1471 1277 aberant.
1583 1250 1676 1288 572.
1707 1252 1740 1279 et
1767 1243 1825 1279 hie

181 1300 314 1351 Sprot.
335 1308 376 1339 et
397 1299 531 1352 Bigot.
582 1302 725 1354 pariter
751 1314 879 1339 mecum
904 1300 1021 1337 'Ven.
1035 1301 1095 1352 βπ
1127 1300 1243 1338 vultis
1276 1315 1404 1338 mecum
1439 1303 1493 1338 Vis
1495 1301 1558 1341 all.
1589 1303 1695 1355 quod
1731 1317 1823 1355 pro-

178 1361 283 1404 saico
311 1360 406 1401 esset
432 1361 609 1415 propius.
664 1364 832 1416 confistere
851 1361 1004 1413 aliquot
1025 1361 1147 1399 Pierii
1180 1371 1220 1400 et
1256 1363 1473 1401 Burmanni
1494 1373 1574 1403 tres
1594 1377 1686 1405 cum
1707 1368 1824 1404 Parr-

179 1426 263 1467 has.
283 1426 333 1466 cf.
364 1425 437 1468 inf.
470 1427 565 1479 629.
625 1427 879 1466 Burmannus
916 1427 1020 1480 conj.
1058 1428 1235 1479 corfidere‚
1272 1440 1414 1478 parum
1444 1427 1625 1476 feliciter,
1658 1440 1697 1469 et
1730 1432 1827 1482 quid

178 1501 271 1541 tum
299 1496 441 1547 pariter
472 1494 636 1532 mecum?
706 1508 736 1532 c.
768 1496 870 1532 terris
911 1494 1140 1539 Romanus3
1189 1492 1295 1544 quod
1341 1493 1545 1544 poeticam
1585 1495 1825 1548 dignitatem

180 1555 316 1595 minus
357 1555 491 1608 spirat.
601 1566 696 1606 573.
753 1556 874 1609 Piget
924 1555 1166 1607 ineptiarum
1210 1556 1324 1607 super
1378 1556 1454 1595 hoe
1500 1559 1627 1598 versu.
1701 1563 1825 1616 Qum

120 1626 123 1630 ’
177 1620 300 1672 ᾳνόεηι
331 1621 465 1674 statuo,
509 1635 550 1660 ea
588 1623 709 1675 vestra
743 1621 815 1676 est;
871 1622 1107 1659 Graecorum
1145 1619 1334 1672 loquendi
1382 1634 1503 1661 more.
1568 1624 1675 1677 subd.
1721 1640 1825 1663 remos

181 1685 478 1738 Puget.-574.
500 1685 944 1739 TyricffqueMedic,am.
957 1699 1022 1739 pr.
1053 1694 1196 1739 agentur
1211 1688 1345 1739 Sprot.
1374 1687 1630 1741 habeturapud
1645 1689 1825 1729 Nonium

179 1855 511 1904 immanitatem
528 1857 809 1915 transfertur,
828 1869 873 1905 et
895 1875 962 1905 r-e-

182 1921 398 1969 motiores
436 1939 462 1967 a
507 1922 610 1968 solis
647 1922 794 1970 orbita
834 1934 962 1970 terrae

147 1980 277 2059 ΔΡειῖἰ
319 1986 371 2033 id
413 1985 674 2033 creduntur.
742 1986 962 2034 Alienum

179 2051 311 2114 plane
332 2051 410 2106 est,
423 2050 556 2114 ,quod
571 2050 754 2098 Servius
769 2063 814 2097 et
831 2051 962 2099 Pom-

96 2156 103 2160 ,
213 2114 343 2161 onius
366 2114 499 2161 Atrei
531 2126 576 2161 et
599 2114 808 2179 Thyestae
832 2115 963 2163 fabu-

179 2131 273 2226 l)am
296 2179 383 2226 huc
405 2180 646 2227 advocant.
715 2180 866 2227 Aliter
888 2181 961 2227 hie

166 2242 244 2306 sol
281 2249 462 2305 aversus
514 2243 575 2290 ob
629 2245 865 2292 horrorem
918 2258 964 2291 et

171 2307 507 2355 'aversationem
560 2307 761 2365 sceleris3
830 2323 879 2356 ut
920 2322 964 2356 et

179 2371 264 2427 alii
284 2377 434 2437 po‘etae
453 2372 510 2420 de
531 2373 725 2420 nefando
746 2373 963 2421 facinore.

182 2434 262 2484 Sic
281 2436 401 2485 eaefis
424 2435 598 2484 maritis
621 2437 831 2501 Lemniis
848 2439 961 2486 Stat.

181 2498 251 2558 V,
287 2518 376 2567 297
411 2504 620 2563 Aversum
652 2505 806 2551 Lemno
826 2503 970 2568 jubar

102 2601 105 2602 ν
182 2579 232 2624 et
255 2566 432 2615 declinia
464 2568 600 2615 'Titan
635 2569 832 2631 Oppqfita
848 2571 969 2632 juga

182 2630 292 2686 nube
332 2636 477 2696 refert.
564 2631 622 2677 Sa
654 2632 814 2679 ientius
857 2632 966 2686 hoe,

184 2712 323 2769 quam
345 2693 395 2742 in
414 2695 508 2743 alio
532 2649 678 2750 vettii,
701 2697 780 2744 ubi
806 2696 967 2760 Virgi-

182 2758 358 2813 lianum
385 2752 564 2808 'locum
624 2761 827 2815 imitatus
906 2761 967 2808 est

184 2822 338 2873 Theb.
359 2823 405 2882 I,
438 2825 529 2887 683
563 2824 628 2889 sq.
670 2827 847 2880 Scimus,
884 2833 966 2880 ait,

181 2908 256 2947 nec
278 2890 348 2952 fic
383 2894 581 2954 aversam
607 2896 748 2955 fama
782 2891 968 2953 Mssenzss·

188 2954 232 2999 V
226 2952 335 3002 olvit
367 2959 462 3013 iter.
548 2955 742 3020 Regnum
768 2969 808 3003 et
812 2959 968 3018 furias

181 3017 384 3083 oculosque
399 3019 594 3082 pudentes
625 3019 815 3084 (pudore
835 3036 966 3083 erup-

186 3085 276 3144 tos)
333 3082 486 3130 Novit.
553 3082 779 3132 Extremae
840 3095 969 3131 terrae

184 3160 331 3211 partes
368 3146 435 3194 ita
455 3148 642 3196 omnino
660 3149 967 3213 defignantur‚

184 3217 238 3259 ut
257 3225 382 3259 extra
388 3210 491 3273 solis
512 3221 615 3260 vias
634 3213 717 3261 esse
735 3213 967 3269 dicantur,

183 3287 404 3340 quatenus
436 3276 510 3323 vel
543 3276 666 3325 intra
703 3276 798 3325 duo
840 3276 967 3325 Tro-

182 3338 311 3404 picos
363 3341 435 3388 vel
474 3340 595 3389 intra
637 3341 971 3407 'temperatiores

183 3408 325 3463 [zonas
366 3419 459 3452 non
507 3405 968 3471 comprehenduntur.
1002 3457 1006 3460 ,

114 3521 128 3529 β
187 3467 298 3534 Qo
315 3467 462 3533 igitur
480 3467 626 3536 magis
658 3482 785 3519 terrae
818 3470 970 3519 versus

184 3529 532 3610 septentrionem
585 3533 659 3588 vel
702 3535 851 3590 verstu
889 3551 970 3588 nu-

1586 1753 1827 1796 Marcellum

1047 1859 1183 1905 strum
1207 1858 1437 1913 recedunt,
1461 1876 1515 1906 eo
1537 1861 1681 1925 magis
1697 1881 1829 1910 aver*

1032 1927 1111 1985 sus
1159 1923 1205 1968 h.
1245 1940 1286 1971 e.
1333 1923 1592 1986 simpliciter
1635 1939 1830 1974 remotus

1052 1992 1174 2048 (nam
1215 2004 1263 2032 ar
1298 2000 1477 2034 utantur
1508 1988 1554 2034 in
1589 1989 1672 2037 hae
1696 1995 1823 2050 voce)

1050 2051 1108 2097 ab
1132 2051 1188 2097 iis
1211 2004 1439 2116 Sffjungit
1459 2072 1571 2116 equos
1601 2054 1646 2101 h.
1669 2071 1710 2102 e.
1733 2055 1829 2103 ori-

1050 2126 1123 2162 tur
1141 2115 1312 2179 iterque
1333 2116 1458 2163 suum
1483 2117 1694 2165 diurnum
1717 2136 1828 2166 con-

1051 2179 1163 2226 ficit.
1230 2180 1431 2243 adeoque
1471 2199 1573 2245 pro,
1618 2199 1708 2229 non
1736 2196 1829 2231 tam

1050 2248 1221 2306 aversus
1233 2247 1299 2306 qll-
1339 2246 1483 2304 (Male
1501 2246 1648 2292 Cerda
1660 2247 1826 2307 aliter.)

1049 2309 1224 2370 jamin
1257 2309 1462 2372 Virgilio
1495 2310 1588 2358 haec
1622 2328 1712 2357 non
1746 2313 1831 2360 esse

1052 2373 1275 2420 subtiliter
1305 2373 1529 2437 exigenda
1566 2389 1764 2438 apparet,
1798 2378 1831 2424 fi

1053 2437 1224 2484 Africae
1243 2438 1379 2485 clima
1401 2438 1570 2502 cogites
1585 2459 1597 2496 ;
1634 2440 1709 2487 sed
1743 2442 1832 2489 hoo

1053 2519 1191 2549 unum
1236 2503 1495 2558 tenendum,
1542 2503 1703 2551 Poenos
1739 2523 1830 2553 non

1051 2567 1134 2614 effe
1171 2566 1410 2622 barbaros,
1461 2584 1551 2614 non
1600 2570 1712 2616 adeo
1747 2571 1830 2616 effe

1052 2643 1248 2678 remotos
1300 2648 1326 2677 a
1381 2631 1668 2678 clementiore
1722 2634 1829 2687 coeu

1052 2707 1268 2759 terraeque
1288 2695 1437 2760 plaga,
1475 2696 1670 2761 respeftu
1706 2698 1827 2745 Tro·-

1047 2760 1273 2823 janorum.

1118 2825 1228 2889 569.
1312 2827 1552 2889 Hesperiam
1632 2844 1831 2890 magnam

1053 2887 1199 2954 fimpl.
1225 2900 1466 2953 potentem.
1534 2889 1684 2935 Aliter
1705 2893 1832 2937 Grae-

1050 2962 1118 3000 cia
1138 2973 1295 3021 magna
1313 2953 1500 3008 dicitur.
1566 2953 1701 3018 Eryx.
1732 2954 1831 3005 vid.

1054 3017 1121 3075 V,
1144 3034 1255 3084 759·
1779 3082 1792 3092 .

1122 3100 1231 3148 571·
1263 3081 1434 3137 Auxilio
1452 3096 1572 3137 tutos,
1612 3083 1737 3145 quod
1777 3099 1830 3130 ιιι

1052 3146 1212 3212 prosa:
1271 3147 1400 3193 rebus
1453 3146 1702 3194 neceffariis
1760 3145 1832 3194 in-

1051 3213 1251 3267 strustos,
1267 3210 1480 3257 munitos.
1506 3210 1717 3257 Pedestris
1730 3211 1836 3258 effet

1053 3275 1220 3331 oratio,
1265 3274 1296 3321 fi
1319 3274 1574 3337 acciperes:
1625 3277 1832 3322 dimittam

1054 3352 1158 3388 tutos
1179 3353 1286 3387 cum
1316 3338 1496 3386 auxilia·
1555 3337 1674 3386 Mox
1690 3341 1835 3415 statua

1054 3403 1267 3468 exquisite
1289 3415 1371 3466 pro
1393 3402 1573 3450 condo:
1621 3414 1672 3450 ut
1689 3404 1825 3466 ιδςύω,

1121 3484 1230 3534 575¹.
1266 3465 1521 3530 Compull'us,
1554 3482 1667 3523 non,
1699 3482 1833 3515 coac-

1050 3540 1143 3591 tus;
1178 3533 1265 3584 hoc
1287 3542 1418 3598 tenue
1437 3531 1564 3592 effen
1601 3530 1829 3645 {eamque

1668 3612 1700 3665 P
1769 3611 1839 3654 ⁰⁵-
