2294 4030
551 281 1137 360 *⁴AENE1DOS,
1201 285 1395 351 LIB.
1452 283 1564 352 VI.
1791 309 1909 382 739

228 440 391 505 *Hic
419 464 604 526 genus
630 449 946 529 antiquum
975 453 1215 529 Teucri,
1253 457 1655 536 pulcherrima
1688 461 1904 541 proleS,

267 552 650 634 Magnanimi
678 556 908 629 beroea,
948 559 1070 619 nati
1098 561 1444 625 melioribus
1477 567 1665 641 anniS,

265 668 524 749 llusque,
565 670 1005 753 Assaracusque,
1051 688 1112 734 et
1155 674 1360 759 Trojae
1402 679 1713 746 Dardanus
1759 706 1903 748 auc..

443 817 446 822 ·
504 798 616 844 tor.
1784 803 1903 882 550

241 891 451 955 ⁴Arma
478 896 688 974 procul
708 899 1028 981 currusque
1049 902 1246 963 virum
1272 906 1522 968 miratur
1540 908 1748 973 inaniS.

263 1005 433 1085 Stant
461 1021 615 1066 terra
645 1008 860 1073 defixae
891 1009 1090 1083 hastae,
1133 1013 1457 1096 passimque
1485 1017 1659 1081 soluti

257 1115 375 1176 -Per
400 1137 646 1200 campos
672 1121 998 1200 pascuntur
1024 1126 1183 1204 equi.
1253 1127 1413 1211 Qae
1439 1131 1630 1211 gratia
1655 1154 1897 1202 currum

237 1225 709 1314 'Armorumque
738 1234 850 1296 fuit
880 1238 1053 1313 viviS,
1082 1262 1218 1321 quae
1240 1263 1385 1304 *cura
1413 1248 1654 1309 nitentis

260 1343 499 1408 Pascere
520 1370 721 1430 equ08,
743 1352 949 1414 eadem
969 1355 1230 1436 sequitur
1248 1360 1460 1422 tellure
1476 1368 1752 1445 repostos,
1779 1372 1851 1451 65
1863 1391 1891 1451 5

236 1578 241 1582 ,
314 1535 410 1584 648.
438 1536 598 1585 Laudat
613 1537 763 1589 locum,
779 1549 819 1581 et
848 1544 979 1584 Teucri
1004 1558 1152 1587 nomen
1173 1548 1222 1590 de
1242 1549 1412 1592 Teucris
1429 1553 1572 1608 accipit
1593 1556 1750 1598 Αιιᾶοι·
1768 1559 1892 1601 libelli

255 1597 308 1639 de
326 1601 496 1654 Augusti
511 1604 708 1656 >progenie
729 1619 764 1647 c.
790 1609 1038 1665 3.—-649.
1066 1612 1131 1651 M.
1142 1623 1301 1666 proceres
1322 1618 1483 1659 Vratiss.
1599 1621 1621 1661 6
1622 1633 1692 1672 51.
1719 1626 1896 1666 mirantur

259 1664 381 1707 multi
400 1679 449 1720 ap
471 1666 610 1708 Heius.
641 1678 680 1708 et
701 1669 839 1709 Burm.
863 1679 903 1711 et
923 1674 1014 1713 edd.
1033 1685 1126 1716 ante
1148 1677 1253 1716 Pier.
1284 1693 1377 1720 cum
1395 1681 1542 1736 fragm.
1561 1685 1691 1727 Vatic.
1715 1688 1765 1727 cf.
1796 1702 1890 1741 477.

259 1730 564 1781 678.—-1652.
594 1744 693 1774 terra
721 1734 859 1777 Heins.
890 1750 912 1776 e
933 1739 1065 1780 Codd.
1086 1741 1175 1795 post
1199 1742 1388 1796 Pieriam,
1407 1760 1488 1787 non
1517 1751 1640 1790 modo
1672 1752 1724 1793 ad
1751 1755 1893 1797 sonum

256 1794 430 1843 suavius,
454 1795 522 1835 sed
536 1805 576 1836 et
596 1797 838 1850 exquifitius]
897 1802 1035 1856 Vulgo
1064 1817 1172 1846 terrae
1191 1821 1201 1852 ς
1233 1809 1340 1860 quod
1359 1820 1401 1850 et
1418 1810 1564 1864 fragm.
1584 1816 1715 1855 Vatic.
1754 1817 1890 1862 habet.

258 1861 465 1911 ——653.
493 1873 652 1916 campum
680 1862 834 1915 aliquot
853 1865 957 1908 Pier.
979 1877 1019 1907 et
1034 1869 1175 1909 Heius.
1206 1871 1286 1911 duo
1319 1874 1448 1915 Goth.
1470 1889 1561 1916 cum
1587 1877 1731 1932 fragm.
1754 1883 1889 1925 Vatic.

261 1923 369 1964 Mox
400 1922 481 1964 swe
508 1940 676 1966 curruum
705 1925 784 1967 five
810 1943 953 1970 currum
980 1931 1136 1981 scribas,
1162 1947 1306 1986 parum
1335 1938 1484 1978 referre
1516 1949 1629 1991 puto.
1685 1944 1729 1982 In
1764 1946 1893 1986 Codd.

232 1997 476 2041 „utrumque
494 1989 886 2042 occurrit.-——654.
913 2010 1000 2050 quae
1026 2000 1143 2055 catfft
1177 2000 1300 2041 Goth.
1337 2002 1425 2051 sec„
1452 2002 1562 2058 lapsu
1583 2014 1623 2045 et
1641 2005 1738 2046 alibi
1757 2009 1889 2051 obvio.

254 2057 388 2096 ruentis
408 2053 538 2095 Goth.
562 2062 672 2103 tem,
693 2063 859 2097 temere.

321 2205 414 2268 648
447 2205 545 2272 sqq.
630 2205 803 2255 Partim
843 2208 1034 2257 Hefiodi
1112 2209 1196 2258 lib.
1223 2210 1348 2259 Xde
1369 2211 1486 2276 Rep.
1543 2212 1776 2260 Sectantur
1792 2214 1887 2261 ani-

254 2269 400 2319 dustu
439 2273 566 2335 Ἐςνγ.
613 2288 630 2319 1
671 2290 719 2338 9.
776 2275 862 2339 167
909 2274 1033 2348 seqq.

250 2334 536 2400 pulcherrim
547 2348 626 2400 pro
641 2355 699 2394 es,
719 2337 1032 2400 pulcherriml,

235 2401 355 2449 ·h.1.
379 2400 438 2448 de
453 2416 535 2448 cor
565 2401 656 2449 oris
667 2401 910 2465 dignitate.
945 2403 1034 2450 Sed

253 2465 480 2514 insederat
507 2418 714 2530 &iirgilio
733 2466 820 2514 hoc
856 2466 1033 2532 epithe-

252 2536 335 2578 ton
350 2542 408 2577 ex
430 2530 535 2578 loco
550 2528 765 2585 Homeri,
787 2546 926 2594 quem
954 2548 1032 2580 ex-

252 2595 401 2659 preffit
414 2593 555 2643 Iliad.
578 2616 619 2651 v,
639 2610 728 2656 231
749 2593 796 2659 sq
830 2630 844 2643 .
859 2597 970 2645 Ἶλος
991 2599 1034 2644 τ’

256 2659 530 2723 Ἀσσοίςακὸς
550 2681 596 2708 τε
616 2659 691 2706 καὶ
705 2661 804 2708 ἀντί
833 2683 891 2709 εος
908 2673 1031 2709 Γανυ-

250 2725 400 2786 μῆδης,
407 2727 486 2773 “Ος
505 2725 552 2776 δὴ
571 2726 770 2777 κάλλιςος
787 2730 923 2784 γένετο
940 2726 1033 2778 θνη-

232 2796 336 2840 ’ᾱῦν
363 2788 584 2854 ἀνθρώπων
614 2801 703 2838 etc.
768 2800 864 2839 nati
897 2792 1032 2840 melio-

252 2856 369 2904 ribus
408 2861 550 2912 annis,
585 2853 831 2902 secundum
867 2854 1031 2904 Hefio-

166 2946 171 2953 ‹
252 2919 367 2969 dum
403 2918 513 2975 h'oc,
544 2920 579 2967 l.
603 2936 646 2968 c.
680 2930 727 2965 et
765 2918 826 2966 fic
854 2919 937 2968 alii
971 2920 1030 2968 de

232 2983 442 3034 ‘heroum
473 2996 608 3048 atque
637 2983 775 3032 etiam
803 2984 862 3031 de
897 3001 1030 3032 aurea

227 3058 231 3061 ’
252 3060 406 3101 aetate.
447 3048 684 3096 Laudatur
699 3047 878 3098 Catull.
896 3048 1028 3108 LXI,

255 3129 314 3163 22
336 3131 351 3162 ε
407 3113 451 3161 Ο
485 3111 607 3161 nimis
649 3126 785 3176 optato
807 3113 1030 3174 saeclorum

227 3188 427 3243 ''tempw‘e
461 3185 572 3234 nati,
614 3177 789 3231 Remis,
830 3178 1031 3240 sab-vete,

243 3244 529 3309 deumgmus.
710 3259 713 3263 ’

226 3307 254 3320 ”
316 3309 592 3373 651—655.
641 3305 814 3354 Iterum
837 3304 897 3352 ad
921 3305 1029 3354 Pin-

226 3370 354 3419 =dari
371 3370 557 3420 ductum
577 3372 611 3421 1.
634 3385 678 3419 c.
726 3369 882 3417 Paullo
899 3369 1029 3418 aliter

251 3433 350 3492 bae
379 3435 564 3490 tractata
584 3451 611 3483 a
648 3434 834 3483 Platone
869 3433 950 3483 sub
989 3433 1026 3483 f.

1115 2292 1200 2322 mae
1221 2288 1334 2323 artes
1352 2276 1516 2340 prioris
1535 2277 1656 2325 vitae.
1693 2277 1755 2325 cf.
1775 2279 1885 2325 Cer-

1112 2339 1188 2387 da.
1255 2340 1457 2388 Eandem
1481 2357 1576 2388 rem
1617 2340 1668 2388 in
1688 2341 1885 2406 antiquis

1114 2421 1295 2468 quoque
1316 2404 1618 2453 monumentis
1635 2422 1885 2461 occurrere,

1113 2480 1275 2532 putant
1323 2468 1413 2517 viri
1455 2468 1598 2517 doffi.
1696 2470 1775 2516 Ad
1818 2470 1886 2517 sui

1114 2532 1331 2596 temporis
1346 2533 1528 2598 negotia
1541 2533 1635 2581 haec
1656 2534 1885 2582 revocavit

1114 2595 1257 2646 Ovid.
1282 2597 1398 2645 Met.
1423 2597 1512 2654 IV,
1536 2615 1633 2661 444
1646 2598 1743 2661 sqq.
1776 2599 1885 2645 Me-

1111 2660 1202 2708 lius
1233 2661 1370 2710 Maro
1389 2662 1618 2709 heroicam
1634 2661 1776 2710 vitam
1796 2661 1885 2710 ser-

1111 2726 1250 2774 vavit.
1326 2725 1557 2774 Describit
1598 2739 1747 2774 autem
1790 2727 1885 2775 otia

1111 2791 1341 2838 castrensia
1377 2808 1481 2838 v.c.
1516 2790 1650 2837 Iliad.
1683 2813 1732 2851 ιγ,
1774 2807 1880 2856 135·

1113 2852 1346 2903 Heroibus
1397 2854 1658 2902 Homericis
1720 2871 1884 2919 magna

1109 2919 1277 2984 gratia,
1316 2918 1516 2983 adeoque
1536 2934 1679 2973 amor,
1717 2920 1777 2966 est
1799 2919 1886 2966 mi-

1108 2984 1223 3031 litiae
1260 2984 1447 3033 curulis,
1514 2980 1593 3031 Ad
1649 2981 1883 3030 meliorem

1090 3047 1246 3096 ‘nostri
1265 3048 1349 3095 aevi
1380 3046 1712 3112 philosophiam
1741 3046 1884 3109 Elyfii

1110 3113 1360 3176 voluptates
1394 3111 1748 3158 accommodatae
1783 3111 1885 3159 sunt

1110 3175 1160 3222 in
1192 3176 1469 3223 Telemacho
1491 3175 1573 3222 lib.
1598 3175 1741 3223 XIX.
1785 3187 1886 3238 pro·

1109 3240 1186 3290 cul
1198 3249 1397 3295 miratur,
1414 3255 1496 3304 pro
1512 3238 1757 3304 conspicit:
1789 3257 1885 3286 cur·
1955 3250 1973 3260 ‘

1110 3323 1179 3350 rus
1220 3313 1382 3361 inanes,
1426 3302 1617 3366 simplic.
1668 3303 1884 3367 quoniam

1107 3369 1280 3415 adstant
1300 3367 1430 3416 vacui
1446 3367 1664 3415 dominis,
1738 3368 1886 3415 tellure

1106 3435 1285 3497 repqstos,
1295 3445 1346 3480 ut
1353 3431 1483 3487 alibi,
1492 3430 1690 3486 conditi,
1701 3432 1887 3481 mortui.

1122 3530 1125 3534 -
1215 3535 1222 3538 κ
1614 3495 1886 3562 656υ-659.
