2294 4030
609 302 760 363 AD
830 301 1303 365 LIBRUM
1372 305 1479 366 vr.
1760 318 1892 388 793⁴

234 460 432 522 thinaet
462 466 562 524 alii,
584 467 704 515 inter
722 465 1088 532 quoszedelius
1110 486 1136 516 a
1159 469 1417 518 Burmanno
1439 471 1662 520 laudatur.
1727 476 1872 534 Χςυσέ

233 537 576 599 ζωὴ-ἀδάμας,
608 541 687 606 qui
724 541 771 589 in
807 541 987 590 Timaeo
1011 541 1213 590 Platonis
1237 547 1360 608 (pag.
1391 545 1527 592 *1066
1552 546 1607 594 B.
1637 546 1712 595 ed.
1752 545 1871 605 Frf.)

235 625 529 671 memoratur,-
547 619 695 679 po'e'tae
715 614 774 662 ad
807 616 941 663 talem
975 616 1039 663 rei
1060 616 1309 680 imaginem
1331 617 1447 664 nihil
1470 620 1669 682 prodeffe
1691 619 1840 684 potuit
1856 633 1883 664 :-

235 700 295 733 ex
327 698 445 751 aqua
475 687 747 736 condensata
767 689 948 737 metalla
967 700 1013 736 et
1034 689 1183 753 primo
1201 690 1308 738 loco
1330 707 1507 748 aurum,
1544 702 1640 740 tum
1662 694 1886 740 adaman·‘

236 770 350 814 tem,
370 776 506 825 porro
526 777 603 818 aes,
631 773 729 808 tum
754 774 911 808 caetera
930 777 1095 826 genera
1115 761 1263 812 enasci
1286 776 1435 811 narrat
1456 764 1758 830 philosophus,
1825 770 1873 814 A

238 830 402 881 Dianae
440 833 642 881 Aricinae
675 833 811 881 sacris
846 850 912 881 res
944 834 1162 899 repetitur
1193 837 1312 900 apud
1348 837 1572 894 Servium,
1611 851 1714 886 ante
1746 842 1875 902 cujue

238 906 455 971 templum
478 906 607 955 fuisse
628 906 762 954 arbor
782 918 1003 964 narratur,
1026 909 1145 955 unde
1166 909 1197 954 fi
1221 907 1444 973 fugitivus
1466 911 1673 975 potuiss'et
1695 928 1870 960 ramum

236 977 493 1044 decerpere,
529 979 751 1028 sacerdoti
785 997 890 1028 cum
927 980 1111 1028 homine
1146 998 1347 1045 pugnare
1368 985 1534 1032 neceffe
1554 986 1674 1033 effet.
1741 986 1878 1034 Ritus

239 1068 406 1116 pugnae
424 1053 687 1111 notiffimuS,
707 1053 778 1101 vel
799 1069 856 1101 ex
880 1053 1042 1100 Ovidii
1067 1054 1179 1103 Fast.
1220 1055 1313 1113 III,
1357 1061 1446 1121 263
1473 1059 1571 1123 sqq.
1641 1061 1706 1107 At
1729 1062 1786 1108 de
1808 1078 1889 1109 ar-·

238 1124 351 1173 bore
370 1126 516 1174 solum
552 1126 757 1174 Servium
780 1126 954 1174 tradere
976 1126 1179 1176 memini.
1247 1128 1349 1178 Nec
1373 1143 1522 1179 tamen
1560 1133 1609 1180 id
1632 1136 1877 1200 quicquam

236 1213 482 1248 commune
517 1217 622 1247 cum
659 1199 958 1247 Avernalibus
991 1199 1104 1248 locis
1124 1212 1170 1247 et
1191 1217 1314 1250 ramo
1335 1221 1468 1252 aureo
1505 1206 1776 1272 Proserpinae
1798 1211 1879 1257 ha-

238 1271 343 1320 bere
363 1273 559 1322 videtur.
626 1274 787 1321 Latere
808 1273 982 1338 aliquid
1005 1275 1195 1322 occultae
1217 1277 1446 1341 religionis
1463 1296 1517 1326 ex
1539 1280 1683 1329 initiis
1704 1284 1877 1331 Eleusi·

238 1347 347 1404 niis,
379 1349 532 1397 ficum
568 1347 876 1400 Warburtono
899 1348 1149 1410 conjectare
1182 1349 1310 1405 velis,
1348 1350 1500 1399 saltem
1535 1355 1591 1400 ad
1614 1355 1784 1404 sacrum
1808 1375 1878 1404 ra-

238 1438 382 1478 mum,
416 1438 548 1485 quem
589 1421 726 1484 mysta
765 1420 962 1485 praefert,
995 1432 1071 1467 aut
1105 1421 1160 1467 ad
1205 1438 1378 1470 ramum
1416 1427 1655 1483 lustralem,
1688 1448 1781 1478 non·
1819 1434 1878 1480 ad

239 1507 461 1557 myrteam
500 1511 711 1543 coronam
748 1493 903 1540 referri
937 1510 1003 1540 res
1034 1494 1166 1541 debet
1180 1516 1195 1553 3
1233 1513 1355 1553 nam,
1390 1499 1469 1546 ubi
1507 1502 1564 1546 ad
1608 1503 1879 1569 Proserpina:

240 1569 429 1617 domum
463 1569 654 1625 acceffit,
689 1568 849 1614 AEneas
876 1581 1015 1631 corpus
1041 1576 1193 1616 recenti
1214 1571 1389 1635 Spargit
1409 1593 1519 1638 aqua
1545 1596 1781 1643 ramumque
1800 1583 1879 1630 ad-

234 1647 358 1705 verso
381 1652 424 1691 in
446 1644 585 1691 limine
591 1646 698 1709 figit
718 1660 761 1691 v.
786 1643 896 1705 635.
934 1641 1046 1703 636,
1090 1653 1139 1689 ut
1161 1642 1374 1707 suspicari
1398 1645 1548 1705 liceat,
1573 1652 1630 1697 ad
1654 1653 1878 1700 lustratio-

240 1734 345 1765 nem
367 1724 416 1765 in
448 1718 581 1765 sacris
604 1718 790 1764 deorum
815 1714 1064 1762 inferorum
1088 1728 1132 1762 et
1155 1717 1366 1764 Manium
1392 1719 1651 1772 faciendam
1687 1743 1790 1774 eum
1816 1745 1882 1775 re·

238 1792 441 1858 spexiffe.
508 1791 771 1846 Enimvero,
788 1803 914 1836 ramo
936 1788 1092 1836 eodem
1116 1806 1250 1837 aureo
1274 1808 1437 1854 aquarn
1462 1793 1650 1857 sparsam
1672 1811 1716 1845 et
1733 1801 1884 1848 lustra-

240 1868 415 1915 tionem
437 1866 619 1920 fa&am‚
656 1868 793 1928 poeta
814 1878 905 1909 non
929 1875 1076 1909 narrat
1090 1881 1103 1919 3
1128 1876 1278 1911 narrat
1300 1877 1473 1918 tantum
1496 1868 1581 1917 hoe
1602 1886 1614 1917 :
1652 1893 1811 1922 ramum
1840 1884 1886 1923 in

239 1943 381 1993 limine
381 1945 487 2008 figi,
518 1954 556 1990 et
573 1961 662 1988 eum
692 1941 952 2002 Proserpinae
973 1959 1118 1987 munus
1139 1946 1263 2005 ferri
1279 1957 1335 1987 ex
1357 1943 1514 1992 arbore
1537 1947 1617 2009 ipfi
1642 1949 1789 1998 sacra:
1835 1969 1880 1999 V.

249 2034 356 2082 137.
398 2033 504 2080 142.
544 2016 657 2078 408.
723 2011 822 2077 Qi
841 2027 978 2075 poma
999 2029 1129 2059 aurea
1152 2014 1199 2059 in
1220 2015 1412 2076 Junonis
1436 2019 1605 2081 nuptiis
1628 2038 1732 2069 curn
1767 2025 1884 2086 Jove

242 2101 484 2149 memorata
509 2094 571 2151 (v.
612 2087 729 2136 Not.
765 2087 824 2132 ad
844 2085 1064 2148 Apollod.
1087 2104 1132 2149 p.
1158 2091 1273 2148 410)
1302 2089 1572 2147 meminerit,
1607 2094 1885 2145 intercedere

241 2165 292 2211 in
326 2165 399 2217 his,
431 2164 504 2211 seu
525 2160 845 2226 cognationem
867 2158 939 2205 seu
973 2159 1310 2206 similitudinem
1334 2162 1532 2225 aliquam
1556 2167 1799 2232 intelliget,
1834 2182 1888 2228 ut

244 2238 542 2303 Proserpinae,
576 2249 803 2298 tamquam
827 2232 998 2293 Junoni
1022 2233 1194 2289 inferae,
1216 2251 1299 2297 pro
1323 2235 1444 2282 dono
1467 2253 1612 2288 ramus
1636 2258 1790 2290 aureus
1813 2244 1885 2290 fe-

243 2326 388 2369 ratur,
409 2325 459 2360 ut
478 2309 650 2374 Junoni
672 2309 840 2354 malum
864 2322 1061 2357 aureum.
1128 2285 1183 2354 ln
1208 2308 1436 2357 Heracliis
1449 2312 1536 2358 hoe
1552 2313 1695 2377 ipsum
1713 2319 1884 2367 malum

193 2419 195 2421 ·
241 2390 362 2438 forte
395 2388 610 2436 eduxerat
644 2383 851 2433 arborem
889 2381 1216 2444 Hesperidum,
1257 2385 1374 2431 unde
1406 2401 1537 2446 poma
1569 2405 1698 2436 aurea
1733 2393 1886 2439 decer-

245 2463 477 2527 pendaet
512 2461 571 2508 ad
603 2456 922 2520 Eurystheum,
954 2453 1141 2515 Junonis
1160 2456 1294 2517 juss'u,
1326 2458 1382 2503 ab
1409 2457 1608 2506 Hercule
1629 2476 1753 2511 erant
1779 2467 1884 2512 affe-

249 2539 405 2587 tenda.
472 2535 631 2582 Altera
658 2549 714 2578 ex
731 2543 856 2594 parte
881 2529 928 2575 in
950 2527 1222 2592 Proserpinae
1244 2531 1409 2578 fabulis
1434 2533 1494 2579 est
1517 2537 1733 2584 comestio
1775 2541 1885 2589 mali

192 2635 195 2641 ·
247 2610 429 2667 Punici,
467 2625 556 2674 qua
592 2607 673 2655 illa
706 2603 947 2658 commisit,
982 2613 1030 2649 ut
1066 2602 1115 2649 in
1138 2604 1340 2651 Plutonis
1360 2607 1658 2656 contubernio
1684 2611 1765 2659 fibi
1788 2631 1884 2661 ma-

245 2688 443 2741 nendum
465 2684 594 2731 ess‘et:
623 2700 666 2729 v.
706 2697 748 2728 c.
781 2678 925 2724 Ovid.
965 2676 1086 2725 Met.
1122 2677 1187 2734 V,
1224 2696 1313 2743 535
1340 2680 1434 2742 sqq.
1472 2680 1651 2743 Hymn.
1689 2686 1739 2732 in
1770 2688 1881 2738 Cer.

248 2777 357 2826 371·
392 2811 394 2813 ‚
425 2760 671 2811 Caeterum‚
705 2753 786 2800 nisi
818 2755 954 2816 poeta
976 2751 1120 2799 noster
1153 2752 1244 2815 ipse
1265 2753 1374 2799 doni
1402 2755 1678 2820 Proserpinae
1699 2759 1880 2810 ferendi

245 2837 522 2890 mentionem
544 2831 786 2896 expressam
807 2827 995 2881 fecisset,
1015 2827 1104 2873 alia
1122 2828 1222 2875 effet
1240 2845 1378 2892 eaque
1398 2831 1656 2894 expeditior
1675 2838 1812 2894 ratio,
1845 2838 1881 2886 fi

243 2895 408 2963 ramum
429 2910 603 2958 ἱκετείας
623 2893 816 2953 sollenne
838 2902 1008 2965 insigne
1023 2901 1082 2948 ad
1103 2901 1303 2970 animum
1320 2919 1496 2952 revoces
1521 2906 1644 2965 (vide
1666 2926 1710 2957 v.
1733 2928 1775 2960 c,
1792 2913 1884 2961 inf,

211 2979 213 2981 ¹
246 2986 344 3042 XI,
384 2987 514 3043 101),
549 2994 598 3031 ut
619 2980 732 3027 adeo
748 2996 919 3026 aureum
943 2995 1102 3022 ramum
1123 2976 1360 3039 praeferens
1380 2979 1543 3026 AEneas
1564 2982 1622 3027 ad
1654 2982 1881 3051 Proserpi-

244 3077 349 3114 narn
366 3059 551 3123 supplex
572 3054 787 3112 accedat3
808 3063 904 3109 aut,
924 3051 954 3097 fi
971 3049 1195 3099 Mercurii
1215 3053 1480 3109 caduceum,
1501 3062 1675 3119 virgam
1689 3059 1882 3121 auream,

246 3133 520 3189 memineriS,
541 3148 629 3196 qua
652 3128 731 3176 alii
751 3133 900 3193 poetae
920 3125 978 3172 ad
998 3125 1164 3172 inferos·
1177 3125 1348 3173 animas
1368 3127 1533 3174 deduci
1553 3145 1753 3189 narrant,
1773 3152 1816 3184 v.
1834 3154 1880 3187 c.

247 3211 343 3258 0d,
368 3232 416 3263 ω,
443 3225 466 3270 3
490 3211 568 3270 ἔχε
590 3206 628 3253 δὲ
651 3203 795 3267 ῥάβδον
817 3201 931 3260 μετὰ
955 3199 1083 3262 χεςσῖ
1106 3201 1269 3255 Καλὴν,
1307 3204 1522 3263 χξυσειήνς
1564 3218 1668 3253 Cum
1692 3204 1880 3257 Mercu..

247 3285 369 3341 rium
392 3282 603 3344 adbibere
623 3281 758 3343 hujus
773 3274 1005 3325 descensus
1024 3274 1186 3321 ducem
1209 3291 1301 3321 non
1321 3275 1477 3339 poffet,
1509 3292 1686 3326 auream
1705 3281 1882 3347 virgam

249 3341 410 3418 AEneae'
422 3360 632 3424 affignare
654 3355 828 3404 maluit.
893 3353 963 3399 Ita
981 3350 1117 3398 facile
1136 3349 1379 3415 intelligas,
1401 3353 1634 3415 quomodo
1652 3358 1802 3420 ⁴poeta
1819 3361 1882 3407 ad

248 3417 454 3498 hanst-ssssl
473 3433 711 3498 φαντασίᾳγ
733 3427 985 3492 devenerit,
1044 3424 1114 3490 Ut
1133 3444 1305 3503 aurfum
1327 3442 1505 3498 ramum
1521 3426 1571 3477 in
1592 3429 1710 3480 filvis
1725 3431 1888 3484 iuven-³

981 3516 1012 3575 ς
1786 3519 1886 3564 tum
