2372 4030
456 367 718 416 Lxx1v=
791 338 1329 434 D13Q11.DE
1359 345 1714 418 RER.'1N
1742 350 1934 428 AEN,
1986 356 1992 363 ·

452 524 569 593 ista
599 523 994 614 opinionum
1024 523 1385 592 diversitate
1428 523 1699 617 probare-
1727 530 2102 610 voluerunt,

453 639 740 706 AEneam
761 661 1111 729 nunquam
1142 639 1220 704 ad
1246 630 1504 709 Italiam
1526 640 1859 709 acceffifl'e.
1910 641 2121 709 Acri--

455 771 552 821 ter
579 754 725 821 satis
756 779 984 822 eorum
1028 757 1358 846 impetum
1411 755 1652 825 retudit
1704 757 2004 848 Ryckius
2035 757 2107 822 in

455 867 598 935 diss.
634 869 913 945 laudata,
962 867 1071 935 sed
1102 870 1506 960 argumentis
1539 867 1909 959 promiscue
1938 868 2107 937 effu-

459 980 539 1047 fis
563 999 625 1047 et
648 979 903 1072 judicio
935 1006 1172 1073 parum
1206 981 1453 1049 subtili.
1520 982 1668 1049 Nec
1695 984 1875 1049 enim
1897 983 2106 1061 aliter,

459 1118 664 1184 quam
696 1113 770 1162 ut
816 1121 961 1162 eam
1019 1096 1267 1164 famam
1316 1112 1557 1163 certam
1603 1121 1677 1164 ac
1707 1095 2111 1163 constantem

458 1212 802 1279 obtinuisse
857 1213 1108 1290 docea3‚
1161 1214 1433 1303 quaestio
1493 1214 1606 1279 illa
1663 1212 1744 1279 de
1796 1213 1981 1279 Italia
2030 1210 2117 1278 ab

463 1331 679 1396 AEnea
708 1329 878 1395 adita
907 1328 1196 1419 expediri
1228 1347 1290 1394 et
1322 1327 1568 1394 firmari
1599 1328 1807 1419 potest
1826 1360 1849 1406 ,-
1902 1328 1994 1395 est
2014 1311 2116 1395 ta-

465 1471 618 1513 men
652 1447 795 1512 talis
823 1446 999 1510 sama
1029 1447 1097 1510 in
1131 1445 1315 1511 omni
1348 1445 1694 1511 remotiore
1726 1446 2115 1536 antiquitate

465 1561 675 1652 usque
707 1560 787 1626 ad
818 1585 890 1625 ea
914 1575 1234 1650 tempora,
1286 1559 1528 1649 quibus
1564 1584 1660 1626 res
1686 1561 1922 1652 scripto
1954 1586 2115 1628 con-
2199 1571 2201 1574 ⁴

469 1675 718 1766 signare
756 1690 1049 1764 coeptum
1098 1671 1211 1750 est,
1260 1697 1378 1762 pro
1406 1672 1535 1738 fide
1565 1697 1637 1738 ac
1660 1674 1980 1764 probabili
2013 1700 2116 1742 ra-

469 1795 670 1868 tione,
694 1793 760 1857 in
785 1816 915 1882 qua
958 1788 1357 1880 acquiescere
1379 1806 1440 1855 et
1452 1814 1655 1881 quam
1675 1772 1861 1881 sequi
1881 1790 2118 1858 neceffe
2187 1801 2190 1803 ’

471 1906 597 1981 est;
637 1931 753 1974 nec
803 1904 930 1972 fuit
980 1921 1090 1971 aut
1123 1904 1212 1970 est
1257 1905 1707 1995 antiquiorum
1740 1924 2118 1997 temporum

469 2022 603 2088 ulla
632 1999 758 2087 alia
784 2020 1068 2098 historia,
1118 2043 1321 2110 quam
1354 2019 1665 2111 mythica,
1697 2019 1805 2087 seu
1838 2021 2013 2089 fama
2042 2047 2117 2091 ac

470 2140 835 2206 narratione
860 2137 1185 2228 majorum
1212 2155 1492 2228 accepta,
1526 2162 1684 2204 mox
1706 2141 1934 2207 litteris
1959 2166 2119 2207 con-

476 2252 739 2341 fignata,
793 2250 980 2340 cujus
1015 2250 1175 2315 adeo
1206 2249 1406 2315 fidem
1441 2275 1521 2316 ne
1555 2253 1609 2318 is
1645 2251 1945 2342 quidem,
1999 2257 2120 2345 qui

474 2372 730 2462 primus
776 2370 1002 2436 litteris
1036 2369 1392 2446 mandavit,
1442 2370 1739 2460 praestare
1768 2365 1978 2462 potest·
1999 2370 2119 2439 nifi

474 2485 814 2560 hactenus,
864 2483 1047 2573 quod
1081 2484 1351 2550 candide
1399 2509 1471 2551 ac
1497 2486 1842 2578 diligenter
1872 2484 2122 2556 famam

475 2616 759 2665 veterem
784 2598 1082 2688 exposuit
1107 2615 1217 2664 aut
1242 2601 1311 2665 in
1348 2601 1710 2668 diversitate
1738 2599 2122 2685 narrationis

476 2716 630 2784 sano
660 2740 814 2784 cum
837 2715 1093 2806 judicio
1124 2716 1444 2804 dilectum
1476 2717 1655 2807 feeit‚

569 2952 719 3033 Jam
754 2947 968 3038 po‘etae
990 2974 1072 3016 ne
1105 2950 1219 3017 ista
1250 2952 1520 3042 quidem
1553 2977 1775 3021 rerum
1829 2952 1991 3020 fides
2045 2978 2122 3037 ae

477 3063 894 3155 probabilitas
925 3065 1125 3131 nimis
1170 3068 1463 3159 religiose
1515 3069 1607 3135 est
1637 3067 1958 3138 sectanda.
2055 3070 2125 3138 Si

482 3195 705 3244 tamen
735 3178 842 3243 ille
875 3177 1023 3245 satis
1055 3195 1268 3248 tenere
1301 3184 1553 3251 animos
1577 3185 1741 3263 vult,
1791 3210 1912 3252 nec
1934 3209 2124 3254 corn-

483 3295 766 3372 mittere,
817 3312 892 3361 ut
938 3297 1159 3385 paullo
1221 3298 1539 3366 doctiores
1585 3299 1907 3366 auditores
1936 3323 2126 3366 com-

485 3390 862 3475 mentorum
912 3411 1172 3479 licentia
1225 3411 1661 3493 offendantur,
1715 3440 1789 3481 ea
1844 3415 2125 3500 narratio

485 3517 605 3611 ipfi
636 3518 962 3611 sequenda
991 3524 1102 3602 est,
1151 3549 1302 3618 quae
1351 3527 1713 3595 celebritate
1742 3543 1806 3595 et
1836 3529 2125 3596 claritate

1321 3666 1359 3732 3
2047 3637 2132 3716 ad.
