2294 4030
441 291 553 351 188
697 284 766 348 P.
814 268 1284 414 lei‘G'ILu
1324 280 1810 347 MAR0N1S
1886 272 1889 276 ’

433 452 565 526 Per,
590 452 634 511 fi
650 472 769 533 qua
787 452 888 526 est,
904 471 1043 533 quae
1060 451 1230 511 restet
1249 451 1441 512 adhuc
1460 450 1812 513 mortalibus
1833 447 2078 529 usqua'th

430 566 796 629 Intemerata
820 564 988 638 fides,
1014 586 1141 638 or0,
1167 564 1452 626 ,miserere
1482 565 1756 652 laborqm
2047 566 2050 570 ’

432 682 806 744 Tantorum:
838 681 1112 743 miserere
1138 681 1325 740 animi
1353 701 1472 747 non
1499 679 1686 761 digna
1712 678 1976 740 ferentis.
2047 681 2052 684 ’

512 796 642 857 Hic
663 798 925 858 lacrimis
938 798 1122 857 vitam
1138 797 1370 867 damus,
1382 810 1440 854 et
1460 793 1886 855 miserescimus
1897 796 2074 856 ultro‘.

427 911 566 992 Ipse
594 912 724 972 viro
751 914 982 993 primus
1013 913 1275 970 manicas
1303 925 1479 988 atque
1506 923 1632 967 arta
1658 909 1842 968 levari
1958 907 2072 982 146

433 1024 651 1085 Vincla
673 1025 849 1106 jubet
881 1025 1187 1093 Priamus;
1218 1021 1504 1109 di&isque
1531 1021 1613 1081 ita
1643 1021 1800 1081 fatur
1825 1014 2075 1083 amicis:

431 1138 727 1221 Qisquis
749 1160 828 1213 eS,
850 1140 1083 1200 amiffos
1115 1138 1254 1197 hinc
1278 1138 1410 1218 jam
1437 1133 1788 1196 obliviscere
1813 1136 2026 1197 Graios
2052 1166 2071 1207 3

349 1294 352 1297 ι
426 1252 815 1315 Noster-eris:
861 1250 1131 1330 mihique
1154 1251 1286 1310 haec
1321 1248 1560 1313 ediffere
1589 1271 1726 1310 vera
1751 1251 2013 1332 roganti.

429 1366 572 1452 Qo
617 1369 844 1427 molem
892 1366 1044 1427 hanc
1089 1367 1348 1429 inmanis
1389 1367 1527 1447 equi
1573 1365 1873 1429 statuere?
1938 1367 2075 1447 quis

677 1485 881 1544 auetor
902 1483 925 1542 ?
1966 1501 1990 1541 1
2003 1500 2080 1563 50

485 1687 702 1743 142srqstet
731 1685 783 1726 ab
813 1684 951 1727 Heius.
984 1693 1206 1739 receptum,
1235 1684 1383 1739 quippe
1414 1685 1640 1739 elegantius
1668 1687 1755 1741 post
1770 1688 1813 1741 fi
1846 1703 1916 1740 qua
1946 1688 2003 1742 gst,
2030 1701 2078 1731 ex

428 1756 580 1795 Medic.
599 1769 624 1794 a
642 1767 697 1793 m.
720 1753 798 1794 sec.
820 1752 1009 1792 Gudiano
1027 1751 1102 1791 sec.
1123 1760 1164 1790 et
1193 1760 1288 1790 tert.
1317 1753 1516 1793 Rottend.
1537 1762 1579 1793 et
1600 1754 1791 1807 Menag„
1816 1754 1919 1794 adde
1938 1754 2071 1801 Goth,

432 1829 529 1859 tert.
585 1818 722 1871 Vulgo
757 1818 869 1872 rfstat.
927 1832 1078 1869 unquam
1097 1814 1246 1855 Medic.
1268 1828 1292 1854 a
1310 1827 1366 1854 m·
1384 1828 1447 1870 pr.
1463 1824 1503 1856 et
1522 1814 1607 1866 alii,
1631 1816 1994 1868 vitiose.-—-143.
2019 1819 2081 1856 ho·

425 1899 507 1922 rtem
534 1898 582 1922 m.
612 1883 768 1921 laborum
800 1880 939 1933 Bigot.
1000 1881 1167 1918 malorum
1197 1880 1303 1918 Ven.
1416 1889 1507 1928 144.
1536 1882 1692 1933 nnfirere
1721 1884 1800 1920 viri
1832 1881 1967 1935 Bigot.
2071 1913 2076 1916 >

428 1957 523 1997 145.
555 1950 694 1986 veniam
714 1946 802 1985 MS.
826 1946 965 1984 Petav.
987 1943 1156 1984 sollenni
1177 1943 1384 1992 varietate,
1411 1944 1479 1984 sed
1504 1944 1606 1986 bene
1635 1947 1892 1990 Burmannus
1920 1955 2075 1996 monet,

425 2011 517 2054 h.1.
550 2014 689 2051 veniam
727 2022 799 2062 per
832 2012 946 2048 vitam
976 2006 1146 2061 potuisse
1180 2006 1382 2060 explicari,
1412 2020 1494 2047 non
1525 2007 1642 2049 facile
1673 2013 1789 2049 vitam
1819 2024 1893 2065 per
1922 2013 2076 2052 veniam-

423 2079 524 2116 ultra
545 2090 613 2130 pr.
638 2074 790 2114 Hamb.
810 2088 885 2128 pro
904 2086 990 2113 var,
1008 2072 1101 2113 Ῑεᾶ.
1160 2073 1365 2112 Caeterum
1384 2072 1498 2127 poffit
1518 2074 1710 2128 distingui
1739 2086 1832 2117 ante
1852 2079 1969 2126 ultr03
2003 2088 2078 2118 nec

422 2149 564 2182 tamen
582 2140 675 2181 satis
705 2140 820 2180 bene.
933 2138 1023 2187 146.
1053 2139 1134 2191 Ipse
1162 2141 1254 2177 ultro
1275 2141 1416 2191 primus
1437 2139 1568 2192 Sprot.
1624 2144 1779 2180 manicas
1802 2144 1943 2196 primus
1975 2141 2079 2185 alter

421 2204 576 2244 Hamb.
634 2207 709 2244 alta
730 2206 902 2257 Hugen.
957 2211 1041 2242 arta
1064 2212 1165 2255 atque
1184 2204 1321 2242 Graev.
1378 2205 1518 2242 leva-vit
1551 2203 1677 2244 Goth.
1696 2214 1811 2257 tert„
1836 2206 2000 2247 deberet
2019 2205 2079 2246 se·-

423 2269 497 2322 qui
514 2282 524 2309 2
561 2271 688 2309 Vincla
694 2271 804 2322 stnex
825 2267 889 2308 vel
908 2268 1006 2306 bonus
1027 2268 1204 2307 Priamus.
1262 2269 1343 2306 Pro
1362 2271 1414 2306 ita
1423 2270 1538 2320 fatur
1557 2268 1683 2310 Goth·
1701 2278 1795 2311 tert.
1822 2273 1945 2327 afflat,
1970 2266 2080 2312 ferto

422 2347 474 2374 ex
492 2335 651 2387 adfatur.
767 2333 857 2381 148.
887 2334 942 2371 hic
960 2332 1078 2372 Leid.
1098 2341 1139 2372 et
1158 2331 1229 2372 alt.
1251 2333 1448 2376 Rottend.
1502 2335 1581 2372 hinc
1599 2350 1680 2373 nam
1706 2349 1766 2389 pr.
1789 2337 1946 2376 Moret.
1997 2337 2078 2375 hinc

421 2399 616 2450 oblivg'fhere
649 2396 783 2450 Bigot.
900 2407 991 2450 149.
1040 2398 1128 2435 mihi
1158 2398 1234 2436 haec
1269 2396 1383 2437 hiatu
1422 2396 1565 2438 reliew
1596 2399 1712 2441 Leid.
1754 2400 1967 2441 Montalb.
1998 2400 2072 2443 alt.

422 2461 575 2503 Hamb.
632 2463 780 2514 mihique
797 2464 855 2500 hoc
875 2463 1006 2515 Sprot.
1062 2456 1212 2514 ‚hibique
1223 2462 1357 2516 edff’re
1375 2461 1454 2501 duo
1475 2472 1546 2503 aut
1566 2472 1647 2503 tres
1675 2465 1811 2506 Heius.
1869 2466 1949 2506 Sed
1966 2468 2073 2505 mihi-

424 2540 489 2580 que
506 2528 581 2566 haec
601 2525 780 2579 agnoscit
799 2525 923 2565 etiam
946 2526 1102 2568 Donat.
1123 2538 1187 2578 ap.
1206 2526 1345 2564 Burm.
1457 2536 1550 2576 150,
1579 2530 1664 2579 quid
1671 2531 1787 2567 molem
1807 2530 1966 2584 Hugen.
2015 2536 2078 2583 qui

420 2604 483 2645 pr.
519 2591 673 2630 Moret.
705 2602 729 2629 a
760 2602 818 2631 m.
852 2602 913 2643 pr.
968 2590 1056 2629 hanc
1087 2588 1194 2629 abest
1230 2589 1301 2630 sec.
1325 2589 1479 2634 Hamb.
1531 2591 1701 2646 stravere
1718 2592 1820 2636 Ald.
1870 2598 1946 2648 qu'is
1974 2600 2074 2635 affor

421 2655 575 2700 Hamb.
595 2667 660 2709 pr.

420 2849 522 2910 confi
530 2852 574 2892 ia
594 2852 766 2893 numina
787 2851 902 2899 veri,
937 2843 1204 2908 inspefiores

421 2925 476 2956 ac
514 2910 637 2956 testes
675 2911 833 2956 harum
877 2925 1046 2966 rerum,
1096 2927 1206 2974 quas

419 2989 572 3026 narro,
637 2973 756 3032 Mo‘x
795 2990 882 3036 143
906 2975 1035 3034 fides,
1083 2995 1207 3039 quam

421 3037 500 3085 hic
534 3039 768 3094 inclamat,
794 3039 854 3085 est
885 3037 990 3101 justi
1012 3039 1208 3104 refflque

418 3102 721 3159 observantia,
755 3104 803 3150 h.
842 3102 875 3150 1.
909 3101 1026 3166 juris
1053 3104 1206 3152 divini

416 3176 465 3214 et
483 3167 793 3215 humanitatis.

492 3245 597 3297 145.
648 3235 733 3281 Hic
771 3233 971 3289 lacrimis,
1014 3232 1207 3298 exquifi-

415 3295 509 3344 tius
524 3310 659 3360 quam
680 3310 863 3361 propter
876 3298 954 3346 has
968 3299 1175 3348 lacrimas
1188 3317 1207 3358 3

419 3360 491 3406 uti
528 3361 645 3408 alicu
648 3362 722 3424 Jus
754 3365 1207 3432 poenitentiaessignssi·

421 3443 525 3472 mus.
590 3426 699 3473 ultro
731 3427 792 3472 est
823 3427 1034 3484 libenter,
1070 3429 1206 3479 facili

417 3499 688 3560 promtoque
736 3490 909 3547 animo·
976 3493 1095 3543 Mox
1141 3495 1203 3548 le·

1283 2854 1394 2895 vari
1409 2847 1468 2893 est
1490 2846 1632 2894 laxari
1654 2847 1856 2912 propr-ie,
1888 2860 1940 2897 ut
1961 2849 2074 2900 bend

1287 2910 1441 2959 Burm.
1454 2929 1467 2967 3
1504 2911 1577 2959 sed
1596 2925 1692 2960 tum
1714 2912 2071 2978 pokitisomnino

1285 2975 1344 3023 de
1396 2976 1562 3025 demtis
1612 2977 1821 3029 vinc-uliS.
1868 2979 1974 3029 ‘Sic
2023 2992 2071 3032 et

1286 3045 1454 3104 χαλᾷν.

1359 3110 1467 3169 148.
1505 3106 1637 3162 Hinc,
1681 3124 1838 3174 porro,
1879 3109 1931 3157 in
1971 3111 2072 3176 pos-

1288 3180 1453 3227 terum,
1494 3176 1653 3239 amgffos
1673 3175 1828 3222 Graios
1865 3175 1990 3224 dixit
2022 3188 2076 3224 ut·

1284 3233 1472 3290 liberos,
1513 3236 1700 3293 amicos,
1739 3242 1915 3308 amffs,
1969 3241 2072 3305 qui·

1284 3297 1366 3346 bus
1386 3300 1553 3363 privati
1573 3299 1740 3360 sumUS,
1758 3303 1991 3368 exquifite.

1356 3381 1463 3437 {49.
1497 3365 1631 3415 Iliad.
1671 3390 1716 3422 κ,
1750 3371 1860 3433 384.
1893 3382 1939 3421 et
1968 3369 2072 3426 aliis

1284 3428 1428 3476 locis:
1466 3432 1593 3480 Ἀλλ’
1634 3431 1713 3492 αἵγε
1752 3454 1823 3492 μοι
1864 3435 1953 3484 τόδε
1982 3437 2051 3484 εἷπ

1283 3493 1360 3547 καὶ
1377 3497 1581 3560 ἀτςεκὲως
1601 3499 1852 3559 κατάλεξον.
2040 3513 2042 3515 ’
2062 3526 2066 3530 ·

1961 3579 2069 3630 151.
