2294 4030
464 372 598 439 ..290
892 318 1562 417 'Excuasus
1643 342 1790 416 tv*

474 511 695 572 babemus
729 521 916 575 variatae
947 537 1027 586 per
1058 519 1278 585 tragicos,
1312 517 1423 567 inde
1455 529 1536 583 per
1572 518 1789 574 rhetores,
1833 518 2017 569 tandem
2049 523 2131 586 pei·

472 596 818 663 grammaticos,
850 597 1015 646 fabulae
1059 595 1261 658 (Diserte
1300 609 1356 642 ea
1395 593 1596 658 expofi'ta
1638 610 1714 665 ap.
1763 592 1922 644 Schol.
1964 593 2130 658 Euripo

475 675 625 722 Orest.
656 689 749 738 432
789 684 834 720 et
870 672 928 720 ad
964 670 1172 735 Lycoph.
1210 670 1320 730 386.
1355 666 1543 734 Hygin.
1580 668 1622 718 f.
1663 664 1774 736 io5,
1804 681 1852 719 et
1883 669 2133 729 ibilaudd,

476 747 685 809 Servium
720 747 779 794 ad
816 747 926 795 AEn.
963 745 1031 800 II,
1065 746 1146 799 81,
1187 742 1413 808 Pompon.
1448 742 1554 791 Sab.
1589 744 1649 792 ad
1688 761 1731 794 e.
1772 742 1860 808 1.).
1927 744 2135 795 Omnino

475 823 709 870 Homerus
728 838 809 869 nec
829 832 1003 885 patrem
1027 817 1282 882 Nauplium
1302 831 1385 863 nec
1407 816 1553 865 filium
1577 817 1861 867 Palamedem
1895 816 2133 884 agnoscit3

479 897 544 945 ita
577 909 626 944 ut
655 897 894 944 obscurum
930 895 1051 950 esset,
1084 893 1206 943 unde
1237 891 1315 940 h‘ic
1338 891 1387 939 in
1411 908 1478 941 res
1499 891 1724 957 Trojanas
1745 892 1895 942 illatus
1930 892 2014 941 fit:
2049 891 2135 941 nifi

477 972 644 1035 partim
680 986 708 1017 e
743 969 928 1017 Pausan.
970 967 1040 1024 X,
1074 984 1130 1030 31
1171 982 1240 1031 pr.
1279 967 1446 1031 partim
1481 982 1508 1014 e
1530 965 1638 1015 MS.
1665 967 1959 1016 Escorialenfi
1981 964 2136 1016 Procli

473 1048 573 1109 jam
610 1045 743 1108 supra
783 1054 1034 1091 memorato
1070 1042 1233 1089 docere
1271 1041 1455 1105 poffem,
1491 1043 1740 1105 Cypriorum
1770 1049 2003 1091 carminum
2023 1057 2138 1089 auc·-

476 1131 622 1168 torem
659 1119 858 1183 primum
890 1115 934 1165 ei
972 1115 1148 1164 aditum
1186 1127 1233 1163 et
1266 1130 1431 1162 nornen
1454 1114 1504 1162 in
1526 1114 1696 1162 fabulis
1726 1114 1946 1179 Trojanis
1963 1113 2138 1164 feciffe.

479 1191 609 1241 Nam
633 1193 683 1241 in
715 1193 866 1258 primo
888 1191 998 1240 belli
1020 1202 1237 1256 apparatu
1260 1206 1366 1238 cum
1393 1189 1570 1253 Ulyffes
1590 1189 1806 1238 militiam
1836 1189 2136 1259 ‘detrafkaren

480 1267 665 1316 Atridae
703 1266 932 1328 μαίνεσθαι
988 1267 1368 1331 πξοστοιησάμενον
1406 1265 1617 1314 Ὀδυσσέα
1661 1264 1731 1313 ἐπὶ
1785 1273 1846 1330 τῷ
1895 1266 1957 1324 μὴ
2009 1261 2142 1313 θέλων

479 1342 861 1408 σος-ξατεῦσασθαι
895 1346 1133 1407 {Quique-ar,
1188 1342 1470 1403 Παλαμήδους
1510 1337 1775 1401 ὑποθεμένου,
1816 1342 1883 1389 ‘niv
1939 1340 2015 1389 υἶόν
2058 1338 2143 1393 Τη-

481 1423 677 1483 λέμαχον
714 1418 785 1466 ἐπὶ
818 1420 988 1466 κόλασιν
1011 1419 1349 1481 {iacendo-arres-
1382 1429 1430 1464 et
1459 1416 1542 1464 sub
1562 1417 1695 1464 finem
1715 1415 1956 1464 carminis:
1987 1419 2142 1465 ἔπειτα

480 1494 544 1546 ἒςῖ
575 1493 859 1553 Παλαμήδους
891 1493 1102 1541 Seiva-ros:
1139 1493 1205 1540 ita
1240 1503 1291 1540 ut
1319 1491 1468 1540 omnis
1492 1492 1551 1539 de
1578 1491 1814 1540 Palamede
1845 1490 2046 1540 narratio
2079 1492 2142 1540 acl

484 1567 845 1616 Antehomerica
865 1566 1068 1631 speeiasse
1089 1565 1236 1615 videri
1257 1564 1435 1614 debeat.
1501 1566 1595 1614 Etfi
1613 1578 1784 1624 autem,
1805 1567 1972 1633 quibus
1993 1564 2146 1615 modia

484 1645 640 1693 fabula
677 1645 864 1692 tratiata
900 1660 926 1691 a
947 1643 1121 1690 Stasmo
1152 1655 1198 1690 et
1236 1655 1394 1691 ornata
1427 1642 1587 1700 fuerit,
1630 1644 1814 1692 aliunde
1850 1661 1944 1693 non
1977 1644 2147 1707 liquet,

485 1721 568 1770 nifi
604 1722 730 1786 quod
761 1737 787 1769 e
812 1718 1030 1767 Pausania
1049 1719 1083 1767 1.
1121 1735 1165 1766 c.
1208 1730 1409 1783 apparet,
1435 1720 1530 1783 jam
1554 1721 1604 1766 in
1625 1718 1806 1783 Cyprio
1826 1718 2029 1769 carmine
2051 1720 2145 1768 lec-

484 1806 585 1843 tum
624 1795 770 1851 fuiffe,
804 1793 930 1858 quod
966 1792 1225 1841 Palamedes
1262 1793 1518 1841 tefferarum
1559 1793 1718 1841 ludum
1751 1795 2044 1859 excogitarit‚
2096 1805 2147 1843 et

489 1871 635 1934 quod,
669 1887 775 1917 cum
806 1868 1027 1934 piscatum
1051 1867 1186 1926 iiss'et,
1217 1867 1387 1932 Ulyffis
1418 1880 1465 1916 et
1503 1867 1746 1917 Diomedis
1767 1868 1925 1918 fraude
1945 1870 1996 1918 in
2016 1869 2148 1936 aquis

487 1945 715 1993 demersus
749 1943 964 1992 interiisse
1001 1944 1149 1991 difius
1165 1943 1250 1990 fit:
1286 1943 1570 1992 eserIOribus
1592 1956 1741 1992 tamen
1761 1945 2078 2011 scriptoribuS,
2110 1945 2145 1994 fi

486 2032 747 2068 commenta
784 2036 939 2067 eorum
978 2017 1243 2074 detraxeri8‚
1274 2017 1377 2066 satis
1413 2018 1575 2084 assequi
1597 2019 1840 2084 poffumus,
1872 2021 1920 2068 in
1942 2021 2025 2070 illo
2046 2033 2147 2069 car.

489 2096 613 2144 mine
635 2096 745 2143 odia
765 2095 883 2142 inter
905 2094 1109 2158 Ulyfl'em
1130 2105 1176 2140 et
1210 2093 1492 2142 Palamedem
1517 2094 1706 2158 agitata,
1749 2092 2021 2160 insidiasque
2036 2095 2146 2144 huic
2219 2140 2226 2146 ,,
2263 2058 2292 2122 ¹,

488 2170 550 2217 ab
585 2171 667 2217 isto
698 2170 855 2226 factas,
887 2180 987 2216 tum
1023 2168 1177 2215 sollers
1217 2167 1467 2215 Palamedis
1502 2167 1739 2233 ingenium
1779 2181 1825 2217 et
1848 2168 2066 2218 summam
2087 2184 2147 2217 ex

489 2261 640 2294 rerum
673 2245 754 2292 usu
777 2243 1062 2309 prudentiam
1094 2242 1224 2291 fuiffe
1245 2241 1575 2290 adumbratam.
1643 2242 1748 2291 Nec
1772 2243 1938 2293 mirum
1958 2245 2074 2294 adeo
2095 2244 2147 2293 in

491 2321 732 2369 rhetoricis
753 2319 931 2384 scriptis
954 2318 1071 2367 nihil
1101 2318 1253 2366 tritius
1286 2319 1370 2366 effe
1401 2318 1651 2366 Palamedis
1670 2318 1952 2385 integritate,
1983 2319 2146 2384 injusta
2263 2335 2290 2388 {a

491 2408 623 2452 nece,
655 2408 699 2443 et
723 2393 889 2458 Ulyffis
911 2394 1100 2442 fraude:
1126 2412 1171 2443 v.
1195 2411 1236 2442 c.
1263 2394 1407 2443 Dion.
1422 2394 1588 2458 Chrys.
1609 2395 1695 2443 Or.
1724 2395 1845 2454 XII,
1879 2415 1925 2463 p.
1951 2401 2045 2462 428
2069 2395 2146 2446 ed.
2192 2394 2195 2397 ⁴
2265 2416 2292 2436 v

491 2468 647 2516 Reissz.
674 2469 761 2515 Or.
795 2467 935 2524 LIX,
979 2485 1027 2531 p.
1067 2471 1175 2530 360.
1243 2467 1510 2516 Involarunt
1551 2471 1648 2533 post
1680 2471 1778 2517 haec
1816 2470 1871 2518 in
1912 2487 2150 2537 argumen·
2283 2477 2287 2493 ¹

493 2554 594 2591 tum
628 2541 825 2606 Tragici
870 2542 1114 2606 Sophocles
1150 2554 1196 2590 et
1234 2542 1494 2607 Euripides,
1528 2543 1604 2591 ille
1644 2545 1829 2609 quidem
1874 2560 1967 2594 non
2004 2545 2146 2595 modo

490 2618 649 2666 fabula
692 2617 949 2675 Palamede,
985 2633 1157 2676 verum,
1195 2631 1244 2666 ut
1266 2619 1505 2685 probabile
1524 2621 1594 2676 fit,
1628 2636 1711 2669 nec
1735 2621 1882 2670 minus
1902 2623 1952 2671 in
1970 2621 2150 2688 duplici
2177 2629 2185 2640 ‘
2264 2619 2271 2626 ’

493 2690 728 2758 Nauplio;
782 2691 856 2739 sed
897 2692 1042 2740 multo
1085 2693 1253 2741 clarior
1290 2692 1380 2740 fuit
1419 2693 1671 2742 Palamedes
1709 2695 1966 2761 Euripidis,
2020 2699 2150 2763 cujus

493 2767 750 2832 fragmenta
771 2767 988 2815 nonnulla
1010 2767 1245 2822 habemuS,
1279 2779 1325 2815 et
1344 2768 1393 2815 in
1414 2769 1487 2816 his
1508 2769 1783 2820 notiffimum
1805 2772 1955 2821 illud:
1987 2774 2152 2825 {noim-³

498 2845 663 2891 ἐκάνετε
710 2842 789 2890 τᾶν
831 2844 1058 2904 πάνσοφον,
1091 2843 1122 2890 ὦ
1165 2841 1346 2898 Δαναοῖ,
1389 2845 1469 2892 τᾶν
1527 2844 1645 2893 οὐδέν’
1681 2847 1939 2908 ἀλγύνουσαν
1975 2847 2151 2901 Ἀηδόνα

497 2924 689 2973 Μουσᾶν,
723 2919 832 2966 Neci
867 2921 1048 2982 dedssis,
1097 2917 1176 2974 ah,
1229 2926 1320 2966 neci
1371 2919 1650 2981 dobigffi'mam,
1683 2922 1855 2978 Danai,
1885 2930 2150 2982 innocentem,

496 2995 713 3056 musteum,
750 2994 998 3056 lusciniam3
1033 2991 1159 3058 quod
1197 2993 1249 3040 in
1285 2994 1518 3043 Socratem
1556 2996 1733 3045 versum
1765 2999 1824 3046 est
1844 3015 1870 3045 a
1891 2997 2148 3061 speeiatori-

495 3067 599 3124 buS,
633 3085 740 3116 cum
772 3068 867 3133 post
900 3069 996 3131 ejus
1027 3084 1184 3115 necem
1222 3067 1272 3114 in
1294 3059 1471 3117 scenam
1493 3083 1703 3119 revocata
1723 3071 1873 3121 fuiffet
1891 3071 1973 3121 illa
1995 3073 2150 3123 fabula
2183 3091 2188 3094 ·
2268 3051 2290 3102 ‘4

501 3150 566 3207 (v.
604 3143 654 3191 in
676 3143 842 3208 fragm.
882 3142 1040 3208 Eurip.
1065 3142 1113 3190 in
1138 3142 1352 3192 Diatribe
1371 3143 1567 3208 Valk.).
1631 3145 1867 3195 Intellestu
1884 3147 2006 3197 haud
2026 3147 2150 3198 diffi-

496 3216 587 3265 cile
614 3219 696 3275 est,
730 3217 1015 3265 Palamedem
1053 3233 1110 3264 ex
1146 3218 1423 3282 tragicorum
1445 3218 1635 3268 invento
1655 3219 1898 3270 sustinuiffe
1916 3222 2155 3288 personam

498 3292 640 3339 modo
661 3290 947 3356 imperatoris
969 3290 1158 3339 sollertis
1179 3303 1224 3339 et
1255 3291 1440 3350 strenui,
1469 3293 1602 3357 juxta
1623 3295 1765 3360 pofita
1789 3298 2149 3362 Agamemnonio
2233 3280 2238 3284 ‚
2277 3304 2294 3325 “²

498 3368 707 3432 superbia
728 3380 774 3417 et
795 3368 1065 3435 cupiditate,
1091 3373 1156 3432 (v.
1184 3368 1312 3417 Plato
1330 3370 1390 3419 de
1411 3370 1528 3436 Rep.
1563 3370 1684 3427 VII,
1719 3389 1768 3437 p.
1798 3389 1894 3440 522
1920 3372 1988 3438 D>
2010 3373 2152 3426 modu

499 3441 590 3490 viri
611 3443 735 3506 justi,
773 3442 1033 3500 constantiS,
1061 3442 1293 3509 sapientis,
1331 3460 1467 3509 quem
1488 3445 1610 3495 cives
1631 3446 1786 3512 injusti
1805 3458 1853 3496 et
1873 3446 2049 3516 ingrati·
2061 3464 2150 3517 pro

498 3514 731 3567 beneficiis
750 3518 948 3585 acceptis
962 3518 1130 3586 injuria
1148 3529 1198 3571 et
1228 3519 1547 3571 maledicentia
1567 3522 1912 3589 persequuntur.
1975 3523 2060 3575 Ad
2077 3534 2151 3574 ta-

478 3606 488 3610 ··
2050 3596 2148 3655 lem
