2372 4030
484 372 594 424 m
773 309 1667 436 ‘DlsQulsvrio
1755 349 1814 419 1.

476 528 557 596 ad
586 525 950 595 orationem
978 524 1420 593 illustrandam
1463 550 1597 592 non
1641 526 1889 610 minus,
1924 548 2131 618 quam

475 641 559 710 ad
610 642 964 709 lectionem
1017 639 1561 718 constituendam,
1620 641 2130 708 convertendum

478 754 603 823 effe
635 754 924 828 studium
950 787 974 832 3
1024 779 1061 820 a
1099 778 1206 819 me
1235 753 1298 822 id
1330 751 1555 834 saltem
1583 751 2011 844 spectabatur,
2057 767 2142 821 ut

479 871 589 947 iis,
642 868 757 961 qui
817 867 990 936 bona
1046 866 1445 933 institutione
1490 882 1779 956 egerent,
1821 865 2136 957 exemplo

481 984 708 1074 aliquo
738 980 1098 1074 proposito,
1120 979 1472 1072 etquidem
1496 980 1563 1045 in
1587 984 1929 1069 poetarum
1948 978 2136 1070 prin-

480 1096 651 1186 cipe,
703 1093 783 1159 de
822 1118 972 1160 vera
1004 1090 1340 1159 enarrandi
1371 1091 1619 1156 ratione
1662 1088 2135 1167 constarentad

480 1232 683 1301 quam
716 1207 801 1285 se,
853 1209 1051 1274 etiam
1085 1207 1268 1273 nullo
1298 1205 1426 1271 alio
1458 1203 1764 1294 magistro
1811 1201 2131 1282 adhibito,

479 1345 853 1413 comparare
913 1319 1186 1412 poffent.
1310 1322 1632 1386 Attamen
1693 1319 1763 1385 in
1824 1317 1946 1386 hac
1998 1315 2137 1408 ipsa

474 1437 722 1529 poetici
751 1435 1066 1502 sermonis
1116 1433 1577 1501 constitutione
1625 1440 1837 1525 poetae
1879 1434 2020 1500 laus
2072 1446 2140 1498 et

481 1551 685 1619 virtus
710 1564 999 1615 nontam
1026 1548 1094 1614 in
1117 1547 1515 1614 inveniendo
1541 1570 1744 1639 quam
1776 1547 1847 1612 in
1868 1546 2138 1612 invento

479 1664 759 1730 aliorum
791 1687 943 1729 cum
974 1661 1304 1752 ingeniosa
1337 1660 1677 1753 sagacitate
1702 1661 1772 1730 in
1805 1656 1953 1726 suos
1984 1657 2138 1728 usus

480 1777 925 1846 transferendo
988 1778 1292 1844 cernitur.
1412 1775 1878 1846 Alexandrinis
1957 1773 2141 1845 enim

482 1894 720 1985 poetiS,
802 1891 1244 1971 Callimach0‚
1313 1892 1704 1983 Apolloni0‚
1768 1888 2140 1967 Nicandm,

484 2011 712 2086 Arato,
762 2009 1001 2099 poetici
1033 2007 1349 2075 sermonis
1387 2006 1831 2098 exquisitioris
1885 2004 2160 2075 indoles*

487 2136 554 2188 et
603 2137 832 2188 natura
879 2122 1070 2187 unice
1125 2121 1216 2188 est
1270 2138 1532 2213 accepta
1585 2119 1962 2195 referenda;
2012 2117 2146 2185 hoo

487 2255 717 2302 eorum
750 2233 982 2300 docent
1025 2234 1281 2326 scripta,
1335 2237 1405 2301 in
1439 2233 1697 2301 summa
1730 2232 2144 2324 simplicitate

489 2349 764 2422 cultum,
815 2349 1119 2424 nitorem,
1169 2365 1232 2414 et
1295 2365 1600 2415 ornatum
1643 2347 2140 2433 admirabilem,

490 2483 694 2552 quem
724 2462 905 2527 nulla
935 2464 1056 2529 alia
1090 2479 1243 2531 aetas
1269 2462 1602 2553 affequuta
1632 2461 1743 2538 est,
1776 2458 2142 2528 referentia.

494 2570 818 2643 Videntur
848 2574 1085 2642 scilicet
1132 2584 1344 2668 poetae
1402 2575 1757 2643 doetiffimi
1805 2592 1869 2642 et
1921 2577 2146 2643 Ptole-

494 2713 813 2758 maeorum
842 2692 1264 2758 contubernio
1291 2691 1568 2781 expoliti
1596 2690 2148 2770 animadvertisse„

494 2829 630 2884 non
660 2802 1007 2871 infeliciter
1052 2806 1117 2870 T
1121 2807 1489 2896 ragicorum
1523 2823 1853 2872 tumorem
1886 2806 2148 2872 Home-

494 2918 629 2988 rica
659 2917 1064 3008 simplicitate
1106 2921 1451 3011 temperari
1483 2935 1545 2984 et
1578 2936 1799 2986 natam
1821 2919 1973 2985 inde
2002 2943 2147 2986 ora-

498 3032 695 3098 tionis
719 3033 1098 3122 gravitatem
1122 3033 1327 3100 aetatis
1355 3029 1485 3098 suae
1511 3009 1828 3123 elegantia
1853 3033 2148 3122 quodam
2206 3062 2209 3066 ⁸

493 3144 702 3211 >modo
731 3145 965 3224 imbui,
996 3146 1288 3236 adeoque
1321 3145 1705 3236 dignitatem
1730 3169 1886 3213 cum
1917 3145 2175 3214 venus?

492 3262 634 3322 ‘tate
685 3257 1036 3328 consociari
1083 3260 1283 3352 poffe.
1382 3262 1530 3328 Hos
1593 3260 1793 3328 Maro
1852 3266 2162 3338 auctores-

503 3366 754 3448 habuit,
789 3395 940 3437 cum
973 3388 1161 3439 tantos
1186 3373 1428 3464 majore
1453 3373 1688 3463 judicii
1719 3375 1929 3454 laude,
1966 3373 2161 3465 quod,

507 3483 759 3554 Ennius
807 3501 869 3554 et
901 3487 1143 3567 caeteri,
1196 3488 1311 3578 qui-
1357 3485 1833 3579 praecefferant,
1879 3487 1959 3556 de
2007 3512 2154 3555 ora-

1955 3619 2156 3671 tionis
