2372 4030
483 401 588 449 xx
772 361 1761 462 DISQUISITIOL

474 543 684 612 laudis
713 543 950 620 studio,
1000 558 1111 624 aut
1152 541 1231 608 ab
1261 542 1393 626 ira,·
1427 541 1622 620 odic,
1658 541 1978 625 yinffl<stae
1997 567 2132 628 cu-af

472 661 742 751 piditate
789 657 1083 749 profecta
1141 641 1336 722 fuerit
1385 673 1496 722 aut
1527 707 1529 710 -
1557 657 1638 724 ad
1674 659 2002 747 immania
2051 677 2120 726 et

471 773 638 839 saeva
668 770 840 836 facta
869 769 1216 860 eruperit*.
1327 769 1659 835 Convenit
1697 770 1922 861 itaque
1966 762 2116 852 om-

468 892 654 968 nino,
675 905 748 954 ut
767 913 801 954 a
827 911 1068 978 magno
1085 887 1250 962 virO,
1276 909 1511 976 magna
1533 887 1784 976 ingenii
1810 887 1902 963 vi,
1929 910 2132 976 rna-g,-=

466 1005 569 1071 nis
615 1003 903 1093 corporis
933 999 1221 1078 viribUS,·
1257 1000 1512 1090 magnis
1564 1000 1770 1084 animi
1822 1000 2129 1067 motibus,

466 1132 530 1182 et
560 1115 926 1190 affectibuS,
958 1116 1125 1180 inter
1154 1138 1422 1205 magnas
1456 1114 1902 1192 difficultates,
1935 1112 2115 1203 casus

464 1250 528 1300 et
604 1234 912 1325 pericula,
987 1234 1243 1324 magnis
1322 1232 1634 1324 praefidiis
1688 1251 1752 1299 et
1819 1232 2114 1308 auxiliiS,

463 1352 720 1442 magnis
754 1350 833 1416 de
862 1350 1088 1416 cauffis
1120 1347 1428 1440 susceptae
1482 1365 1548 1434 vet
1579 1349 1773 1441 gestae
1804 1374 1904 1418 res
1937 1348 2057 1416 fint
2088 1379 2113 1426 3

461 1470 648 1559 atqui
673 1468 921 1534 eaedem
952 1466 1084 1557 fere
1140 1491 1238 1533 res
1296 1467 1492 1533 etiam
1544 1485 1783 1563 eventu
1812 1470 1999 1535 clarae
2049 1485 2125 1534 et.

460 1568 739 1673 infignes
763 1582 1131 1672 *magnique
1156 1584 1442 1671 exempli
1476 1582 1595 1648 effe
1629 1582 1860 1662 solent,
1909 1600 1984 1650 ut
2001 1597 2115 1649 aut

458 1700 683 1787 magni
712 1697 986 1786 alicujus
1013 1697 1135 1761 viri
1166 1712 1276 1761 aut
1303 1698 1536 1786 populi
1561 1698 1663 1763 vel
1691 1698 1970 1764 civitatis
2001 1714 2113 1764 aut

459 1816 711 1904 generis
766 1823 927 1878 adeo
979 1810 1252 1877 humani
1317 1809 1610 1877 fortunas
1661 1813 1730 1878 in
1762 1827 2116 1903 utramque.

459 1944 712 2018 partem
735 1927 1129 1991 contineant.
1229 1925 1721 2016 Magnitudinis
1752 1926 1913 1991 adeo
1942 1927 2111 2005 vim,¹

461 2046 795 2110 notionem
824 2066 896 2106 ac
927 2040 1207 2117 sensum,
1242 2038 1588 2132 tamquam
1621 2042 1937 2119 animam,
1963 2066 2115 2108 om-

459 2160 567 2224 nia
595 2177 945 2248 permeare,
979 2157 1262 2221 animare
1293 2172 1355 2221 et
1390 2180 1654 2223 movere
1684 2155 1894 2223 vides,
1949 2156 2114 2222 Non

463 2276 747 2342 difficilis
780 2274 868 2338 est
899 2273 978 2338 ad
1009 2271 1534 2364 cognoscendum
1568 2275 1637 2340 in
1669 2261 2112 2340 rhetoricisct

423 2389 738 2480 ‘po'eticis
785 2391 968 2454 locus
1031 2390 1110 2453 de
1164 2389 1618 2479 magnitudine
1648 2420 1672 2465 3
1719 2412 1840 2453 nec
1893 2404 2115 2454 tamen

463 2506 681 2592 omnis
709 2503 1093 2593 magnitudo
1120 2504 1289 2594 epici
1312 2503 1617 2568 carminis
1643 2501 1852 2568 indoli
1881 2499 1973 2566 est
2001 2524 2111 2566 ac-

465 2620 898 2695 commodata,
947 2619 1053 2685 sed
1078 2645 1149 2685 ea
1198 2621 1508 2694 maxime,
1561 2634 1713 2710 q'uae
1761 2641 1798 2683 a
1828 2615 2113 2684 sensibus

466 2749 528 2797 et
551 2756 586 2796 a
611 2732 1165 2822 phantasmatibus
1192 2731 1644 2824 proficiscitur,
1679 2733 1929 2822 quippe
1960 2755 2112 2821 quae

466 2844 693 2910 eadem
749 2847 830 2911 ad
884 2848 1137 2913 animos
1193 2846 1554 2914 movendos
1593 2862 1657 2912 et
1686 2845 2113 2912 admiratione

465 2957 853 3026 imbuendos
907 2963 1202 3051 inprimis
1256 2964 1425 3029 valet
1446 2994 1469 3038 ς
1519 2960 1626 3027 sed
1665 2959 1805 3026 haec
1835 2958 2112 3049 quidem

466 3075 696 3164 paflim
719 3101 754 3142 a
777 3078 932 3144 viris
966 3079 1174 3147 doctis
1199 3079 1346 3146 satis
1371 3079 1600 3146 diserte
1625 3077 1771 3145 sunt
1795 3073 2109 3166 exposita.

537 3229 565 3256 ⁶
603 3218 759 3273 Etiam
796 3237 965 3290 pravos
1004 3244 1154 3276 mores
1197 3228 1320 3275 ferre
1356 3228 1576 3278 carminis
1616 3225 1742 3293 epici
1784 3237 2020 3277 naturam,
2049 3219 2111 3270 ab

466 3297 634 3345 eodem
651 3313 805 3348 vetere
824 3303 1166 3357 Grammatico,
1199 3319 1338 3367 quem
1354 3305 1510 3367 paullo
1528 3316 1637 3353 ‘ante
1658 3301 1887 3355 excitavi,
1903 3310 2109 3370 pronun*

468 3371 654 3427 tiatum,
688 3376 769 3424 etsi
790 3376 882 3424 alio
898 3378 1019 3425 forte
1038 3377 1194 3425 'sensux
1229 3384 1414 3442 poetam
1433 3380 1607 3427 neceffe
1630 3380 1693 3427 est
1721 3376 1890 3441 (sensus
1912 3368 2113 3438 requirit¹

469 3453 595 3497 τέτον
632 3450 718 3512 ‘yde
739 3450 812 3505 δεῖ,
835 3468 943 3499 nam
963 3456 1154 3516 ‘mageima
1185 3452 1226 3500 δὲ
1259 3467 1530 3519 corruptum
1570 3452 1655 3516 est)
1684 3448 1914 3512 μιμεῖσθ’ἀι
1936 3450 1963 3495 ἐ
1992 3446 2108 3506 μόνον

469 3522 531 3567 τὰ
558 3525 704 3585 χξπςᾶ
723 3524 823 3582 ἤθη,
835 3528 955 3576 ἀλλὰ
975 3531 1016 3596 '9
1039 3528 1099 3576 τὰ
1120 3534 1284 3591 φαῦλα·
1305 3529 1398 3578 ἄνευ
1418 3530 1506 3595 γὰρ
1528 3531 1664 3579 vti-rm
1679 3525 1910 3593 πριςάδοξοι
1932 3524 2112 3588 πςαξειῡ

467 3597 498 3644 ἐ.
516 3597 770 3659 συνίῖοῃται.

609 3663 627 3670 ”
644 3662 662 3672 ”
1780 3667 1905 3737 111.
1953 3660 2117 3752 Jam.
