2294 4030
528 258 1040 342 AENEIDos,
1105 263 1300 329 LIB.
1356 262 1436 328 v.-
1673 257 1797 351 ⁶25¹

158 445 528 515 Debellanda
552 445 663 506 tibi
689 444 865 506 Latio
894 444 997 504 est.
1080 441 1240 502 Ditis}
1268 454 1468 501 tamen
1495 451 1632 500 ante

158 560 423 623 Infernas
451 556 672 618 adcede
695 555 927 628 domOS,
954 568 1015 614 et
1041 556 1277 614 Averna
1304 571 1408 632 per
1431 551 1548 610 alta

134 674 137 683 '
164 668 524 752 Congreffus'.
531 668 685 747 pete,
701 679 855 736 nate,
871 683 1054 724 meos,
1078 663 1220 725 Non
1237 681 1335 721 me
1350 660 1512 741 inpia
1530 674 1808 741 namque,

159 782 409 844 Tartara
425 779 662 851 habent,
685 777 872 838 tristes
888 776 1150 844 umbrae3
1180 774 1279 856 sed
1296 793 1533 833 amoena
1549 774 1795 852 piorum

165 891 435 955 Concilia
461 889 843 969 Elysiumque
868 890 1021 949 cole.
1083 876 1226 947 Huc
1254 886 1407 946 casta
1434 886 1654 964 Sibylla
1675 904 1708 965 7
1713 905 1747 964 3
1757 900 1787 963 ς

162 1002 503 1084 Nigrarum'
518 1001 710 1062 multo
736 1001 1035 1081 pecudum
1061 1016 1120 1059 te
1143 997 1423 1079 sanguine
1455 998 1654 1059 ducet.

164 1113 331 1177 Tum
358 1133 548 1193 genus
583 1093 762 1172 ornne
796 1126 985 1184 tuum,
1013 1125 1092 1184 et,
1127 1131 1263 1191 quae
1297 1109 1511 1171 dentur
1549 1112 1805 1186 moenia,

311 1278 314 1284 .
405 1228 616 1287 disces,

166 1342 419 1424 Jamque
438 1342 586 1401 vale.
619 1340 882 1421 Torquet
900 1339 1123 1401 medios
1140 1338 1280 1400 Nox
1297 1339 1542 1401 humida
1562 1341 1757 1402 cursus
1773 1370 1811 1412 ς,

174 1495 199 1530 -l
225 1512 318 1554 731.
349 1503 396 1559 ςΙὶ
421 1503 527 1545 abest
557 1518 581 1544 a
609 1505 714 1544 Ven.
740 1513 781 1544 et
813 1501 936 1543 Goth.
955 1503 1029 1543 sec.
1082 1505 1200 1544 Diffis
1220 1504 1390 1544 Dorvill.
1444 1518 1558 1548 tamen
1575 1518 1680 1547 antea
1697 1506 1797 1547 Ditis

165 1565 269 1608 alter
300 1568 451 1610 Hamb.
565 1579 655 1620 732.
684 1570 829 1609 accende
856 1568 1002 1611 Medic.
1026 1581 1050 1607 a
1075 1581 1133 1608 m.
1159 1582 1221 1620 pr.
1333 1580 1380 1620 73
1387 1580 1423 1620 3'.
1450 1572 1647 1626 Amplexus
1679 1568 1783 1623 pleri

164 1642 248 1684 que
285 1632 388 1673 Pier.
421 1642 463 1673 et
494 1633 574 1672 duo
612 1632 748 1673 Heins.
803 1632 1006 1686 Complexus
1025 1645 1094 1671 un.
1125 1632 1249 1672 Goth.
1281 1633 1345 1672 sex
1375 1633 1509 1674 Heius.
1539 1648 1640 1674 unus
1659 1636 1802 1676 Burm-

167 1692 264 1734 Duo
282 1695 349 1736 alii
367 1698 578 1753 Complffcs.
690 1707 782 1746 734.
813 1697 924 1750 trsses
951 1695 1087 1735 umbrae
1114 1696 1215 1735 bene
1245 1694 1381 1738 Heius.
1417 1711 1508 1737 cum
1526 1697 1802 1751 antiquiffimis

170 1758 279 1818 Piet.
311 1769 351 1800 et
369 1759 460 1802 suis.
519 1761 564 1811 In
585 1760 729 1801 Medic.
753 1775 776 1799 a
795 1772 851 1800 m.
874 1760 951 1800 sec.
971 1775 1023 1799 ve
1053 1761 1274 1809 insertum3
1302 1770 1342 1801 et
1370 1761 1421 1801 fic
1444 1761 1602 1814 plures:
1632 1765 1803 1820 tristesve,

173 1823 236 1863 lta
253 1824 390 1864 umbrae
417 1823 465 1863 :le
483 1823 665 1863 locorum
697 1823 919 1863 inferorum
950 1823 1075 1863 altera
1105 1834 1219 1877 parte
1250 1838 1342 1863 cum
1376 1826 1542 1878 Spencio
1573 1827 1801 1879 accipienda

178 1886 287 1928 effet.
319 1887 470 1941 Vulgg.
502 1888 683 1943 trsseffque.
727 1888 797 1944 sed
810 1903 881 1929 am.
923 1890 1067 1929 colorum
1098 1902 1159 1941 pr.
1179 1888 1326 1930 Hamb.
1350 1903 1372 1928 a
1391 1902 1446 1929 m.
1470 1890 1563 1938 sec„
1587 1903 1637 1929 an
1655 1892 1802 1931 locorum

168 1948 329 1991 voluit?
440 1949 532 2000 736.
565 1954 787 2005 Nigrantum
819 1952 881 1990 ed.
912 1952 1026 2004 junt.
1076 1954 1250 2006 pecudum
1297 1967 1373 1991 cum
1406 1954 1509 1992 Veu.
1622 1965 1710 2004 737.
1740 1955 1800 1995 ‘Tu

165 2028 208 2072 g.
240 2014 365 2055 Goth.
384 2023 474 2056 tert.

590 2015 681 2066 738.
713 2032 838 2056 currus
857 2017 970 2056 Serv.
997 2015 1049 2056 ad
1079 2018 1175 2057 AEn.
1209 2018 1243 2065 1,
1278 2016 1371 2056 108.

156 2148 387 2199 ,Anchisae
407 2149 671 2197 auctoritate
699 2148 948 2197 inclinatur

1029 2149 1108 2196 illa
1138 2148 1185 2197 in
1219 2148 1369 2213 Elyfio
1398 2152 1603 2200 docenda
1631 2150 1802 2217 potuis·

172 2213 234 2262 ad
262 2211 430 2260 Nautae
475 2212 716 2261 suasionem
749 2214 947 2277 amplec-

1030 2213 1108 2262 set.
1189 2215 1348 2262 Caussa
1391 2215 1440 2261 in
1482 2229 1663 2279 promtu
1705 2218 1799 2265 est:

86 2279 95 2339 ¹.
172 2277 374 2335 tendam,
405 2277 455 2324 id
492 2277 578 2325 toti
600 2277 805 2337 'consilio
839 2294 947 2324 con-

174 2341 334 2390 dendae
369 2341 562 2389 coloniae
597 2341 644 2387 T
646 2342 811 2403 rojanae
843 2358 949 2389 auc-

175 2405 405 2467 toritatem
437 2422 490 2453 ac
527 2404 795 2469 dignitatern
826 2422 952 2470 mag-

171 2485 279 2531 nam
300 2468 530 2519 conciliat.
550 2476 693 2535 facies
705 2469 951 2525 είὶεῖδωλον.

170 2531 472 2583 fimulacrum.
572 2535 646 2582 26.
680 2535 777 2582 Διὸς
805 2535 845 2583 δέ
884 2557 946 2583 τοι

162 2599 357 2660 ἄγγελός
388 2599 490 2656 εἶμι,
526 2552 661 2645 ῙἹῙίἑιᾶ.
696 2602 748 2655 β,
786 2618 863 2665 27.
902 2624 951 2655 ω,

159 2675 290 2727 5173.
325 2662 388 2711 cf.
410 2663 506 2728 sup.
529 2662 622 2719 IV,
647 2664 754 2711 268.
836 2680 946 2729 730.

175 2726 290 2795 Gens
311 2729 438 2782 dura,
473 2725 578 2776 vide
608 2727 693 2777 inf.
720 2727 817 2784 IX,
854 2730 946 2791 603

172 2795 297 2842 -61
340 2825 354 2839 .

170 2882 197 2916 ..χ
239 2808 513 2929 733-25—-7'37,
533 2854 685 2920 Hujus
701 2856 756 2904 ad
781 2855 952 2905 inferos

171 2917 329 2985 suffitus
358 2919 505 2983 prima
539 2920 705 2968 semina
734 2922 830 2984 jam
865 2920 949 2970 lib.

168 2975 272 3047 ὪῙῙῙ,
293 2987 396 3046 441*
411 2983 506 3048 sqq.
528 2983 576 3032 in
601 2983 769 3032 Heleni
792 2984 951 3063 vatici-

100 3097 104 3102 ,
168 3046 261 3121 {ajo
286 3046 453 3112 jecerat
463 3069 476 3105 3
514 3064 632 3096 nunc
659 3049 819 3112 paullo
852 3065 948 3096 ma-

177 3124 293 3175 19oe,
309 3112 617 3176 expeciatione
645 3113 823 3161 lectoris
849 3113 951 3160 ani-

165 3187 330 3234 mum
353 3175 514 3240 erigin
603 3175 744 3224 Dicas
799 3177 948 3225 forte:

178 3235 305 3295 ³¹⁴1
329 3241 510 3299 tandem
545 3241 714 3289 necesse
747 3241 858 3295 fuit,
903 3253 953 3288 ut

300 3303 306 3357 ζ
354 3301 424 3354 7εἰεί
445 3305 546 3352 loca
567 3304 735 3362 infera,
767 3317 816 3353 ut
845 3318 952 3352 con-

179 3364 554 3431 wfioetbatrem,
573 3368 827 3426 vocaretur,
846 3384 951 3417 cum

284 3445 306 3481 r
337 3429 423 3480 hoc
457 3431 555 3497 ipso
577 3427 754 3480 somnio
773 3450 826 3482 ac
855 3429 951 3480 viso

190 3550 238 3556 ,
262 3509 367 3563 nere
385 3494 430 3547 e't
442 3511 665 3563 exponere
693 3496 773 3567 ipfi
794 3495 950 3548 omnia

1029 2294 1111 2324 nec
1140 2277 1191 2325 in
1220 2278 1317 2327 viso
1345 2281 1561 2327 nosturno
1582 2293 1673 2328 tam
1705 2298 1801 2328 am·

1029 2342 1128 2406 plus
1157 2359 1302 2389 rerum
1336 2344 1451 2390 ordo
1489 2346 1604 2391 refie
1633 2344 1803 2410 exponi

1029 2407 1802 2535 {iiiussffi'iaeguiss‘sssi‘iiffsstviud‘ss

1029 2534 1238 2583 descensu
1276 2537 1333 2583 ad
1367 2535 1538 2583 inferos
1568 2537 1686 2585 inter
1714 2553 1798 2601 po-

1029 2599 1168 2645 tiores
1209 2614 1254 2647 et
1299 2600 1548 2648 diviniores
1585 2601 1801 2649 carminis

1029 2675 1172 2726 partes
1185 2663 1338 2712 haberi
1356 2665 1533 2711 meruit.
1597 2667 1800 2721 Averna,

1031 2727 1149 2774 forte
1169 2728 1336 2792 stagna,
1370 2729 1465 2791 jam
1486 2729 1660 2778 ibidem
1681 2730 1802 2777 vidi-

1032 2808 1130 2839 mus
1152 2808 1197 2839 ν.
1234 2811 1327 2856 442
1349 2806 1432 2856 pro
1454 2795 1556 2840 lucu
1583 2795 1765 2842 Averno
1780 2814 1797 2850 3

1032 2867 1084 2909 ut
1117 2853 1332 2906 Tartarus
1371 2867 1417 2904 et
1471 2855 1680 2906 Tartara.
1733 2859 1799 2907 cf.

1033 2920 1158 2969 Serv.
1225 2936 1334 2988 735.
1369 2938 1414 2969 v.
1450 2921 1534 2969 inf.
1575 2920 1666 2976 VI,
1704 2939 1796 2985 243

1030 2982 1094 3050 sq.
1184 3002 1291 3051 737.
1332 3003 1375 3033 v.
1412 2984 1529 3033 ibid.
1572 2989 1664 3051 756
1698 2987 1798 3051 sqq.

1028 3054 1187 3098 moenia
1205 3050 1321 3099 ibid.
1346 3051 1456 3115 782.

1091 3117 1362 3179 738—745-
1404 3112 1517 3174 Nox
1548 3112 1606 3160 ad
1650 3114 1801 3165 altifli-

1030 3193 1154 3224 mum
1177 3178 1460 3240 mediumque
1491 3177 1592 3225 caeli
1620 3180 1803 3226 culmen

1029 3237 1180 3288 evefia
1203 3243 1297 3303 jam
1327 3241 1494 3288 declivi
1526 3242 1598 3290 via
1636 3241 1796 3291 fertur.

1031 3303 1155 3353 conf.
1192 3323 1236 3353 v.
1273 3322 1383 3370 721.
1450 3304 1523 3353 De
1555 3324 1598 3355 v.
1636 3323 1728 3372 739
1752 3325 1799 3354 v.

1030 3368 1091 3416 'ad
1146 3368 1325 3435 Georg.'
1374 3368 1418 3424 Ι,
1477 3388 1502 3418 2
1511 3385 1586 3434 50.
1654 3371 1804 3421 Sentit

1029 3431 1210 3491 Umbra
1246 3432 1429 3481 orientis
1481 3433 1584 3481 solis
1633 3430 1804 3498 primo‘s

1031 3498 1237 3558 accessus,
1253 3499 1456 3550 diluculo
1475 3497 1703 3551 subeunte.
1727 3499 1801 3610 Ῑξςῗ
