2372 4030
603 314 1120 418 AENEIDOS,
1187 327 1371 391 LIB.
1427 330 1485 419 1.
1541 338 1544 342 ’
1770 351 1852 418 37

213 472 490 576 fExperti.
559 492 858 579 Revocate
886 495 1131 569 animOS,
1159 497 1546 577 maestumque
1571 499 1847 562 timorem

223 609 480 670 Mittite.
564 608 782 670 Forsan
811 612 1041 692 etvhaec
1070 611 1218 670 olim
1247 605 1844 694 meminifl'e'juvabit.

220 722 339 784 Per
363 719 555 783 varios
585 724 768 796 casuS,
795 745 902 803 per
928 739 1018 784 tot
1045 723 1386 784 discrimina
1412 745 1626 799 rerum,

220 835 557 895 Tendimus
587 834 650 892 in
671 833 922 892 ‘Latium
949 857 964 894 ε
1007 834 1167 893 sedes
1194 833 1300 893 ubi
1330 834 1446 893 fata
1471 836 1692 915 quietas
1733 854 1843 919 205

218 949 575 1010 Ostendunt.
660 947 796 1007 Illic
827 945 910 1005 fas
937 925 1114 1026 regna
1142 947 1438 1028 resurgere
1464 948 1690 1030 Trojae.2

218 1064 465 1137 Durate,
493 1079 552 1125 et
579 1063 804 1124 vosmet
828 1061 1001 1121 rebus
1028 1061 1248 1121 servate
1274 1061 1561 1123 secundis,

302 1180 478 1240 Talia
506 1198 649 1239 voce
676 1178 889 1238 refert:
933 1177 1203 1258 curisque
1229 1178 1566 1257 ingentibus
1595 1198 1750 1262 aeger

196 1378 198 1380 Ι
221 1295 406 1376 Spem
434 1294 599 1354 voltu
625 1293 880 1367 fimulat,
909 1294 1128 1374 premit
1147 1294 1334 1353 altum
1358 1296 1537 1354 corde
1558 1297 1843 1361 dolorem.
1930 1289 1933 1291 i

220 1409 319 1469 Illi
340 1409 398 1469 se
423 1410 650 1489 praedae
680 1410 1010 1489 adcingunt
1036 1408 1403 1489 dapibusque
1434 1410 1673 1471 futuris:
1731 1430 1847 1474 210

218 1528 485 1609 Tergora
511 1525 812 1605 deripiunt
836 1522 1029 1595 costiS,
1055 1536 1114 1581 et
1139 1519 1360 1582 viscera
1386 1523 1632 1588 nudant.

271 1697 368 1730 202.
392 1690 545 1727 anfmum
574 1687 648 1727 sec.
678 1687 832 1728 Moret.

215 1751 346 1798 nobis,
372 1761 489 1792 vetus
507 1753 601 1791 MS.
623 1765 686 1804 ap.
706 1752 888 1792 eundem.

216 1827 313 1871 209.
342 1819 414 1856 alto
430 1820 524 1856 corde
542 1815 736 1855 Rottend.
764 1828 825 1867 pr.
857 1816 958 1853 vlter
989 1814 1140 1854 Hamb.
1170 1817 1312 1870 Puget.
1332 1815 1447 1855 Leid.
1466 1830 1535 1857 un.
1558 1818 1678 1857 etiam
1696 1821 1850 1873 aliquot

213 1881 334 1922 codd.
366 1881 505 1931 Pierii,
533 1889 606 1920 nee
636 1879 713 1918 hoc
747 1877 920 1918 indoste.
1034 1889 1125 1918 210.
1153 1881 1232 1918 Illic
1270 1880 1396 1920 Goth.
1434 1880 1510 1922 sec.
1570 1884 1757 1936 Accingunt
1774 1887 1851 1937 fist

209 1947 353 1999 praedae
373 1946 521 1998 Puget.
583 1941 905 1993 Distintstionern
924 1940 982 1979 ita
1010 1941 1266 2001 instituitvult
1299 1946 1574 1984 Burmannus:
1597 1950 1721 1998 praedae
1738 1953 1852 1987 accin-

211 2017 314 2062 gunt,
341 2008 692 2060 dapibtffquefuturis
718 2004 873 2057 Tergora
902 2005 1072 2055 deripiunt
1085 2019 1117 2041 c.
1232 2015 1321 2043 211.
1353 2007 1540 2057 Deripiunt
1563 2007 1702 2048 Heins.
1723 2023 1769 2049 ex
1787 2025 1851 2050 ra-

217 2074 328 2112 tione
347 2069 625 2124 grammatica,
650 2081 772 2123 quam
804 2076 941 2107 tamen
972 2080 1075 2119 unus
1104 2066 1299 2108 Rottend.
1331 2076 1480 2109 tuetur.
1534 2070 1597 2109 Sic
1611 2071 1694 2124 jam
1713 2087 1851 2116 emen-

218 2135 362 2176 darant
380 2132 596 2174 Turnebus
614 2141 654 2173 et
676 2132 811 2172 Gifan.
833 2145 874 2171 v.
896 2130 1017 2173 Cerd-

946 1698 1038 1738 205.
1053 1689 1151 1739 fides
1181 1688 1229 1727 ibi
1258 1688 1369 1728 codd.
1404 1702 1468 1743 ap.
1502 1690 1607 1731 Pier.
1660 1696 1776 1745 quietis
1795 1699 1847 1740 sc.

1004 1763 1100 1800 207.
1128 1754 1254 1791 durare
1273 1762 1311 1792 et
1318 1755 1469 1805 strvare
1485 1767 1586 1794 unus
1608 1757 1734 1795 Heins

1728 1791 1741 1800 Α

284 2291 556 2341 203—207.
594 2275 751 2337 Forsan
784 2287 825 2322 et
846 2273 938 2324 haec
956 2293 995 2323 0.
1073 2284 1196 2325 tunt.
1265 2278 1480 2341 Ostendere
1505 2279 1684 2344 egregie
1705 2282 1750 2329 in
1787 2285 1850 2331 ri-

219 2342 421 2390 nobilem
467 2340 734 2388 sententiam
777 2339 996 2386 illustrant
1076 2342 1160 2388 mis
1188 2347 1352 2405 po'etae,
1391 2343 1474 2391 hac
1505 2345 1554 2391 in
1576 2361 1635 2392 re.
1700 2301 1850 2396 Iicfem

218 2406 373 2454 Cerd'a
413 2416 459 2452 at
492 2404 588 2451 alii.
661 2403 764 2451 -Sed
803 2404 998 2466 pertinet
1061 2411 1146 2470 fils
1181 2407 1263 2453 ess'e
1303 2406 1461 2454 dicunt
1495 2424 1565 2465 ea,
1604 2424 1701 2471 quae
1741 2410 1848 2458 fatis

218 2471 308 2519 huc
324 2468 772 2534 Euripideum,quod
787 2467 997 2517 Macrob.
1077 2470 1332 2517 volentibus
1353 2483 1397 2518 et
1428 2473 1711 2519 oraculorum
1750 2490 1849 2521 mo-

219 2533 319 2583 VII
341 2535 435 2582 Sat.
461 2552 487 2582 z
517 2533 689 2590 laudat,
710 2534 783 2579 Ὠς
806 2533 878 2583 ἦδύ
916 2554 999 2587 τοι,
1078 2534 1178 2580 nitu
1200 2536 1326 2583 fiunt.
1394 2535 1466 2581 De
1487 2534 1582 2598 ipsa
1597 2552 1642 2582 re
1662 2537 1724 2584 cf.
1749 2538 1846 2601 sup.

217 2599 410 2649 chs'u‘t'oe
444 2598 676 2658 μεμνῆσθσιι
695 2601 835 2654 πόνων,
858 2597 998 2644 latine

217 2665 482 2714 conversum
501 2681 528 2710 a
559 2662 666 2711 Cic.
706 2664 764 2710 de
803 2662 903 2709 Fin.
928 2662 995 2718 II,

218 2746 278 2792 32
296 2750 310 2789 ;
342 2740 389 2776 et
440 2739 544 2775 ante
581 2726 849 2792 Euripidem
890 2725 995 2773 Ho-

217 2794 334 2845 meri
379 2794 509 2840 locus
554 2791 714 2855 Odyff.
755 2814 794 2847 ο,
839 2806 996 2855 397-

252 2874 334 2906 00.
365 2855 607 2921 Ingeniosa
624 2854 881 2904 imitatione
897 2854 993 2902 haec

206 2922 209 2924 ’
237 2932 428 2987 equutus
463 2921 524 2967 est
567 2919 735 2968 Statius
775 2919 801 2966 Ι
837 2919 990 2967 Theb.

216 2999 338 3052 ‘4720'
354 2985 521 3048 Foffan·
561 2998 602 3033 et
653 2985 733 3034 has
789 2996 994 3031 venturus

215 3059 339 3101 &emor
360 3051 608 3113 praemfirit
646 3055 754 3104 iras,
807 3049 869 3095 Ut
909 3068 992 3095 me-

214 3114 371 3177 minff’
375 3116 528 3178 juvet.
594 3128 704 3176 204.
725 3115 811 3161 Per
826 3112 907 3160 hos
921 3111 992 3175 ip-

213 3181 284 3232 sos
327 3176 472 3233 casuS,
508 3192 588 3241 per
618 3177 714 3225 haec
757 3180 994 3241 discrimina

216 3263 357 3295 rerum
375 3259 393 3289 .·
427 3239 705 3305 pleonasmus
731 3241 882 3305 poetis
902 3241 993 3288 fre-

195 3316 472 3377 ‚quentatua
537 3305 720 3353 Poss'unt
756 3317 907 3354 tamen
931 3324 996 3353 res

216 3374 303 3439 pro
339 3369 470 3418 rebus
519 3369 727 3426 adverfis,
765 3369 996 3434 periculis,

195 3428 386 3500 χεεείρὶ,
427 3443 479 3479 ut
515 3449 560 3481 v.
601 3437 707 3499 178.
762 3435 885 3497 sedes
926 3433 1001 3481 ubi

123 3551 136 3560 d
198 3506 316 3572 fata
335 3519 377 3564 q.
417 3497 644 3561 Ostendant
673 3498 720 3545 h.
752 3513 793 3546 e.
816 3498 998 3545 oracula

214 3574 266 3635 §t
285 3560 475 3626 auguria
495 3560 768 3625 praedicunt,
801 3558 996 3636 promit.

283 3627 334 3676 T
334 3642 429 3682 ou,
451 3625 517 3677 11.

1075 2598 1239 2662 Disqu.
1264 2598 1312 2644 ΙΙ
1334 2598 1366 2647 s.
1391 2598 1479 2646 VI.
1512 2611 1557 2646 et
1593 2599 1847 2651 Excursum

1074 2661 1173 2708 XV
1211 2662 1270 2708 ad
1303 2662 1388 2710 lib.
1430 2662 1493 2710 Π.
1559 2665 1729 2711 Durare
1759 2681 1843 2729 pro

1072 2727 1233 2773 durare
1255 2726 1315 2782 se,
1350 2727 1548 2773 animum
1567 2727 1712 2780 suum,
1732 2734 1843 2791 poe·-

1073 2802 1131 2838 tae
1151 2791 1366 2854 primum,
1384 2807 1488 2837 mox
1501 2791 1579 2837 alii
1592 2790 1842 2855 scriptores,

1074 2867 1125 2902 ut
1159 2855 1366 2902 Tacitus.
1431 2862 1585 2910 Τλῆτε,
1618 2857 1742 2917 φίλοι.
1781 2855 1841 2907 11.

1068 2922 1119 2976 β,
1142 2934 1252 2982 299.
1291 2918 1353 2966 cf.
1375 2918 1543 2966 Cerda.

1138 2999 1248 3048 ²09·
1302 2986 1479 3038 Premit,
1519 2982 1732 3036 occultat,
1785 2991 1836 3030 ut

1072 3047 1199 3111 saepe.
1279 3048 1412 3096 altum
1475 3045 1671 3109 proprie,
1739 3047 1833 3093 alto

1072 3111 1226 3166 corde,
1255 3110 1301 3159 h.
1334 3128 1375 3159 e.
1401 3110 1582 3164 intime,
1614 3108 1687 3155 sed
1706 3110 1838 3158 dofle

1071 3181 1209 3240 pojeta
1226 3175 1454 3238 epitheton
1478 3172 1680 3220 transfert
1693 3173 1749 3219 ad
1767 3176 1838 3220 do-

1070 3241 1212 3293 lorem,
1234 3238 1312 3301 qui
1330 3254 1384 3287 eo
1403 3236 1499 3302 ipso
1514 3235 1564 3283 fit
1583 3235 1766 3285 intimus
1792 3245 1841 3285 et

1076 3304 1192 3354 altus
1214 3303 1362 3351 dolor.

1142 3380 1409 3430 210—215.
1454 3363 1692 3427 Sequentia
1733 3379 1838 3410 cen-

1074 3431 1210 3479 senda
1247 3429 1346 3476 sunt
1386 3445 1441 3476 ex
1482 3438 1638 3475 ornatu
1690 3443 1837 3475 rerum

1076 3494 1280 3546 exilium.
1302 3492 1366 3541 cf.
1387 3491 1522 3553 Ijiad,
1546 3513 1595 3547 α,
1616 3508 1710 3557 459
1737 3489 1765 3535 s
1787 3506 1834 3552 q.

1077 3559 1158 3610 ubi
1172 3558 1352 3622 ἕδειςανε
1385 3555 1462 3607 hic
1479 3555 1706 3607 ornatius:
1770 3571 1838 3599 er-

1142 3623 1186 3675 c
1730 3628 1841 3696 gnra
