2294 4030
661 259 806 320 AD
873 255 1309 324 LIBRUM
1367 262 1423 325 Ι.
1598 343 1600 345 ¹
1788 284 1900 347 155

178 423 188 426 '
260 419 338 469 sed
378 419 504 484 quod
543 417 760 480 Trojanis
795 419 1075 484 temporibus
1107 422 1302 470 tentoria
1338 424 1538 473 nondum
1581 437 1705 475 erant
1752 426 1899 477 lintea.

248 492 549 562 ¹Achivorum
577 493 738 541 κλισίαι
774 493 1000 557 stipitibus
1031 494 1255 560 lignisque
1275 498 1546 558 constabant,
1573 500 1741 550 vimine
1761 502 1899 550 inter-

248 579 386 623 texto
406 567 638 632 humoque
662 568 856 632 aggesta,
878 569 1078 633 adeoque
1102 571 1285 634 tuguria
1306 573 1469 635 potiuS.
1493 591 1537 622 v.
1558 573 1694 624 Iliad.
1718 601 1767 633 ω,
1801 593 1898 641 449

258 640 354 707 sqq.
376 642 440 696 cf.
466 641 668 692 Eustath.
702 644 758 690 ad
779 642 914 690 Iliad.
949 667 999 699 a,
1048 649 1151 710 185.
1219 645 1361 694 Reste
1404 659 1450 694 et
1491 650 1664 696 Tzetza
1685 650 1733 698 in
1754 653 1898 701 Ante-

254 713 520 772 homericis,
557 733 660 780 quae
699 714 805 762 MS.
828 717 948 779 apud
970 735 1042 768 me
1065 717 1233 767 habeo:
1294 719 1484 768 Achaei:
1542 725 1687 780 τεῦξαν
1723 725 1763 772 δὲ
1803 738 1896 774 κλι-

214 836 215 839 ,
254 781 352 828 σίας
373 783 584 836 πλεκταὶς,
619 783 832 844 medeam
873 781 940 843 (h.
971 798 1012 830 e.
1050 786 1227 845 ςαυξοῒς)
1264 787 1481 847 igneolus.
1550 786 1754 835 Thraces
1786 805 1893 838 vero

254 853 334 900 illa
356 855 486 901 noste
521 870 578 901 ne
617 855 667 901 in
690 855 854 901 talibus
886 854 1068 916 quidem
1119 857 1343 913 tentoriis,
1384 858 1476 914 sed,
1510 870 1560 905 ut
1597 872 1737 917 erant,
1775 864 1894 911 nuda

250 925 391 975 humo
413 927 716 986 recubabant3
750 928 975 981 πεδοςιβεῖς
995 941 1045 975 ut
1075 929 1123 975 in
1157 929 1305 976 Rheso
1340 932 1430 995 763
1464 931 1561 995 sqq.
1596 934 1741 996 quid?
1773 938 1895 998 quod

247 1011 370 1049 totus
408 1000 710 1067 Trojanorum
750 1001 974 1049 exereitus
1013 1001 1094 1049 sub
1126 1003 1206 1048 dio
1241 1005 1417 1051 nociem
1455 1005 1633 1069 agebat,
1678 1020 1893 1070 quantum

251 1090 308 1140 cx
331 1072 580 1120 Homerica
602 1074 794 1121 lefiione
814 1074 1017 1124 memini.
1085 1075 1237 1124 Etiam
1268 1076 1402 1124 Rhefi
1441 1078 1585 1142 Trag.
1610 1080 1765 1131 3υᾶοτ
1796 1093 1892 1134 tan-

252 1161 347 1202 tum
369 1147 480 1202 εὐνὰς
504 1146 739 1195 Thracum
764 1160 810 1200 et
828 1150 970 1197 κοίτας
994 1161 1227 1200 memorat.
1557 1145 1559 1147 ¹

664 1297 1240 1348 EXCURSUS
1308 1299 1473 1351 XVII.

887 1397 979 1456 De
1025 1399 1216 1458 Troilo.
1280 1409 1283 1412 ’

325 1530 367 1590 I,
399 1540 671 1600 474—478.
727 1528 862 1584 Parte
894 1536 987 1585 alia
1012 1541 1187 1602 fitgiens
1230 1536 1376 1596 amffis
1417 1535 1579 1586 Troilus
1617 1546 1764 1596 armis,
1807 1540 1886 1587 In-

129 1599 131 1605 *
222 1605 351 1666 filix
385 1623 507 1672 puer,
551 1625 676 1675 atque
712 1618 849 1673 impar
884 1615 1106 1676 congreffits
1144 1612 1320 1667 Achilli,
1364 1613 1517 1661 Fertur
1551 1622 1679 1678 equis,
1740 1634 1884 1663 curri.-

207 1691 209 1693 ’
256 1701 333 1745 que
375 1684 509 1731 haeret
544 1690 748 1748 resupinus
780 1689 917 1739 inani,
975 1687 1090 1733 Lora
1129 1699 1265 1733 tenens
1308 1700 1474 1744 tamem
1528 1687 1622 1736 huic
1660 1697 1888 1753 cervt'xqzae

233 1775 434 1822 comaeque
472 1761 704 1808 trahuntur
746 1762 834 1807 Per
872 1773 1046 1816 terram,
1089 1774 1129 1806 et
1167 1765 1295 1823 versa
1332 1762 1480 1824 pulvis
1519 1761 1758 1823 inscribitur
1787 1763 1885 1825 haſs-

234 1846 298 1879 za.
365 1833 554 1881 Troilus
578 1833 747 1881 Priami
780 1834 816 1882 f.
872 1834 998 1898 (aliis
1034 1833 1279 1898 Apollinis,
1313 1834 1374 1880 cf.
1416 1833 1533 1882 Not.
1574 1836 1631 1881 ad
1653 1835 1878 1898 Apollod.

233 1921 280 1968 p.
306 1908 417 1970 762)
442 1908 689 1954 admodum
710 1923 838 1972 puer,
873 1907 920 1954 h.
945 1923 985 1956 e.
1009 1906 1059 1953 in
1082 1906 1229 1971 prima
1247 1907 1431 1969 juventa
1457 1908 1724 1955 constitutus
1765 1911 1875 1968 (im-

224 1979 378 2040 pubem
423 1980 591 2029 Troilon
631 1976 797 2036 Horat.
835 1977 956 2027 dixit
991 1980 1059 2037 II,
1099 1997 1148 2044 9,
1195 1997 1278 2045 15:
1329 1987 1499 2029 nimium
1540 1990 1614 2029 cito
1660 1982 1880 2048 Congreffi

231 2053 397 2108 Achilli
415 2055 555 2103 Troile
577 2054 733 2103 S'enec.
770 2056 939 2118 Agam.
974 2071 1084 2119 747.
1111 2059 1221 2118 748)
1248 2055 1304 2106 ab
1330 2055 1511 2101 Achille
1534 2056 1694 2105 viciuS.
1761 2055 1874 2108 Fac-

229 2136 328 2181 tum
352 2129 447 2191 jam
469 2142 571 2177 ante
600 2129 759 2175 Iliadis
794 2141 1009 2192 tempora.
1080 2129 1207 2176 Nam
1236 2129 1355 2175 libro
1378 2131 1541 2176 ultimo
1564 2130 1681 2178 inter
1703 2129 1879 2177 occisos

231 2200 291 2247 ab
314 2203 497 2252 Achille
519 2203 631 2250 filios
657 2202 857 2248 Priamus
880 2205 1053 2266 Τξὼἶλον
1076 2202 1371 2266 ἶππιοχάξμην
1399 2215 1635 2258 memorat,
1650 2202 1785 2249 Iliad.
1824 2226 1874 2258 ω,

230 2292 340 2341 257.
408 2277 625 2325 Meminit
648 2276 784 2337 etiam
809 2275 1010 2342 Qintus
1043 2276 1235 2341 Paralip.
1259 2277 1350 2332 IV,
1382 2294 1485 2341 155·
1512 2292 1605 2341 419
1629 2277 1724 2340 sqq.
1751 2277 1871 2324 inter

227 2351 503 2415 superiorum
527 2364 778 2416 temporum
812 2352 956 2413 resflab
979 2351 1159 2398 Achille
1180 2352 1319 2415 gestas
1340 2370 1351 2405 ;
1387 2363 1432 2395 et
1456 2351 1503 2395 in
1535 2350 1622 2397 hoc
1655 2351 1870 2419 praeiviffe

225 2428 452 2474 austorem
472 2427 748 2490 Cypriorum
773 2425 1042 2482 carminum,
1063 2443 1088 2472 e
1122 2425 1282 2472 Proclo
1308 2424 1412 2471 MS.
1446 2424 1610 2471 didici.
1680 2425 1780 2472 Alii
1802 2426 1871 2472 se-

227 2501 320 2548 rius
341 2514 386 2549 et
404 2503 499 2566 post
523 2500 785 2548 Memnonis
807 2499 1233 2549 demuminteritum
1243 2500 1476 2549 collocasse
1498 2498 1723 2553 videntur,
1740 2513 1789 2547 ut
1811 2517 1868 2547 ex

226 2577 528 2643 Lycophrone
554 2595 640 2640 307
668 2577 762 2642 sqq.
793 2588 838 2624 et
862 2577 1036 2623 Tzetza
1059 2575 1116 2623 acl
1138 2593 1178 2623 e.
1202 2577 1234 2624 1.
1259 2575 1463 2639 colligas.
1532 2575 1591 2622 Et
1626 2575 1684 2621 fic
1721 2577 1866 2624 mani-

225 2653 333 2721 feste
358 2653 521 2715 Diftys
556 2653 635 2715 qui
671 2653 813 2716 vulgo
847 2651 988 2698 fertur
1011 2651 1102 2707 IV,
1125 2667 1173 2714 9.
1241 2651 1338 2697 Post
1364 2643 1605 2697 He6³corem
1631 2649 1864 2699 Ausonius

222 2726 443 2791 Epitaph.
487 2730 562 2780 18,
601 2725 678 2790 qui
702 2725 748 2771 h.
774 2726 805 2771 l.
828 2725 1046 2789 expreffit.
1115 2723 1318 2771 Omnino
1340 2723 1462 2770 varie
1499 2724 1612 2770 hanc
1643 2725 1865 2772 narratio-

225 2818 330 2850 nem
363 2819 392 2861 a,
411 2801 572 2868 priscis
594 2799 744 2865 poetis
768 2802 996 2847 traciatam
1021 2799 1148 2846 fuiffe
1171 2798 1333 2845 necefl'c
1351 2798 1423 2844 est.
1491 2797 1699 2861 Inprimis
1716 2807 1863 2846 tamen

221 2875 412 2936 infames
434 2875 559 2926 fuere
584 2874 779 2922 Achillis
801 2890 969 2921 amores
986 2874 1033 2920 in
1053 2873 1264 2920 Troilum
1280 2871 1629 2936 pulcherrimum
1652 2887 1859 2934 puerum,

221 2948 320 2997 vid.
389 2948 566 3008 Tzetza
605 2948 724 2999 ibid.
766 2959 811 2994 et
849 2947 907 2996 ad
943 2964 983 2994 e.
1016 2947 1197 2993 Canter.
1218 2946 1342 2993 Nov.
1375 2944 1500 2991 Left.
1531 2943 1598 2999 II,
1620 2962 1668 3007 9,
1689 2946 1800 2992 eth.
1823 2947 1859 2994 1.

219 3023 372 3072 Cerda
394 3025 488 3088 post
509 3022 712 3089 Servium
736 3039 747 3069 :
785 3038 1060 3085 quamquam
1098 3022 1271 3068 Tzetza
1293 3022 1375 3084 pr'o
1394 3018 1522 3067 solita
1558 3017 1633 3065 sua
1665 3019 1856 3067 stultitia

219 3093 452 3162 sponsione
474 3108 636 3155 certat,
660 3095 874 3142 Troilum
914 3111 1124 3158 magnum
1154 3095 1248 3156 jam
1280 3103 1385 3139 natu
1410 3090 1550 3139 fuiffe.
1617 3090 1744 3138 Nata
1777 3109 1854 3140 au-

218 3171 313 3230 tem
335 3171 426 3218 fine
443 3170 588 3218 dubio
610 3172 670 3218 est
709 3186 760 3216 ea
796 3169 952 3215 fabula
983 3186 1007 3215 e
1031 3174 1267 3232 poetarum
1289 3165 1468 3218 lufibus,
1508 3162 1588 3229 qui
1610 3180 1854 3228 puerorum

219 3255 391 3297 'amores
412 3243 618 3308 inprimis
656 3242 853 3291 Achillis
891 3242 1098 3305 exemplo
1137 3237 1466 3294 defendebant3
1501 3252 1635 3298 quam
1669 3237 1727 3294 ad
1760 3254 1854 3287 rem
1922 3251 1924 3253 ’

218 3322 441 3371 summum
498 3319 614 3366 illud
648 3317 784 3366 occifi
834 3315 1031 3363 Patrocli
1070 3312 1338 3360 desiderium
1379 3310 1617 3358 memorari
1669 3309 1853 3360 solebat.

220 3395 364 3459 Fuere
399 3411 454 3444 ex
475 3410 528 3443 eo
548 3408 710 3462 genere
730 3392 899 3459 plures,¹
935 3403 984 3438 ut
1021 3387 1280 3444 PhanocleS‚
1304 3386 1624 3452 cujus,''Egmres
1647 3387 1672 3439 ἢ
1714 3387 1855 3434 Kaio?

210 3480 220 3486 ·
1711 3476 1851 3531 nure*
