2294 4030
509 254 1042 339 AENEIDOQ.
1091 254 1285 320 LIB.
1351 255 1466 323 ΙΙΙ.
1659 271 1777 335 321

141 441 344 517 Ilium,
370 450 432 499 et
456 435 652 509 omnis
676 435 870 494 humo·
891 433 1085 494 fumat
1110 430 1418 511 Neptunia
1446 429 1662 514 Trojaz

84 584 86 586 v
136 538 392 625 ,Diversa
419 549 620 609 exfilia
646 561 706 607 et
733 545 987 606 desertas
1013 561 1276 624 quaerere
1302 557 1484 602 terras

135 638 430 747 “Auguriis
457 654 696 743 agimur
719 659 949 731 divom,
977 655 1329 734 claffemque
1360 655 1467 716 sub
1495 657 1619 737 ipsa
1742 677 1773 740 5

146 777 459 842 Antandro
483 789 547 835 et
574 770 854 852 Phrygiae
879 769 1169 829 molimur
1198 771 1504 832 montibus
1533 772 1661 833 Idae
1677 804 1697 845 ;

145 864 363 959 Incerti
386 909 509 971 quo
536 889 656 948 fata
680 886 888 957 ferant,
915 886 1021 945 ubi
1049 884 1241 944 fistere
1266 886 1478 956 detur;

67 1063 69 1065 .
145 998 679 1082 contrahimusque
701 1001 882 1060 virOS.
925 997 1041 1057 Vix
1056 998 1253 1077 prima
1269 999 1572 1078 inceperat
1588 1001 1783 1072 aestas;

197 1180 235 1221 3.
264 1170 356 1210 Ilion
395 1169 460 1210 sex
489 1182 551 1222 ap.
598 1171 735 1208 Burm.
792 1169 922 1220 fumat
956 1164 1061 1205 male
1089 1164 1243 1204 Probus
1274 1176 1478 1220 acceperat
1508 1181 1582 1221 pro
1600 1169 1783 1222 fumavit.

142 1233 269 1280 Redis:
295 1233 383 1289 post
415 1222 530 1272 cecidit
558 1240 739 1288 mutatur
769 1239 942 1284 tempus,
961 1232 1115 1283 fumat3
1144 1228 1252 1282 quod
1271 1243 1353 1269 non
1383 1244 1464 1270 uno
1485 1232 1677 1285 temporis
1695 1245 1784 1272 mo-

142 1292 281 1344 mento
306 1297 687 1344 absolvitur.—--4.
711 1305 745 1334 et
760 1297 914 1348 diversas
945 1311 980 1346 q.
1018 1303 1132 1333 terras
1164 1294 1320 1346 aliquot
1340 1305 1495 1336 veteres
1527 1297 1717 1346 Pieriani,
1744 1305 1786 1337 et

122 1373 127 1375 “
147 1356 312 1415 Μὶτιας.
330 1359 442 1401 Voff.
454 1362 520 1415 pt.
540 1359 775 1412 Hamburg.
797 1358 897 1398 alter
910 1371 984 1411 pro
998 1371 1080 1397 var.
1103 1357 1196 1396 leet.
1216 1359 1394 1399 Parthas.
1410 1361 1585 1403 Dorvill.
1608 1360 1784 1402 Brunck.

147 1423 290 1464 Haeret
311 1425 581 1462 Burmannus.
638 1422 821 1469 Suavior,
846 1431 960 1473 puto,
981 1419 1075 1460 esset
1091 1420 1160 1460 illa
1178 1421 1298 1461 leetio
1316 1438 1327 1470 ;
1355 1423 1422 1462 sed
1441 1424 1492 1463 ad
1516 1423 1640 1464 fidem
1670 1425 1783 1464 criti-

142 1499 231 1534 cam
269 1486 522 1540 probabilior,
554 1485 610 1527 est
649 1485 774 1525 altera
803 1484 924 1524 leotio
952 1486 1111 1536 dcstrtas,
1137 1498 1228 1523 cum
1251 1486 1365 1525 codd.
1394 1487 1647 1536 audioritate,
1678 1487 1784 1526 inter

141 1560 243 1625 {uos
261 1551 424 1604 Fragm.
446 1549 596 1598 Vane„
623 1558 712 1590 tum
730 1548 838 1600 quod
859 1561 904 1586 ea
922 1547 991 1586 vix
1009 1547 1112 1586 nasci
1143 1547 1275 1600 potuit
1293 1561 1339 1588 ex
1360 1549 1499 1597 altera,
1522 1550 1564 1589 in
1584 1564 1706 1603 quam
1725 1550 1785 1591 fa-

2 1600 9 1648 ’ψ
34 1606 36 1609 V
60 1622 73 1657 ,’
127 1614 220 1670 «gie
239 1614 384 1668 aliquis
402 1613 576 1654 incidere
597 1622 769 1667 poterat.
831 1611 954 1666 Qod
986 1620 1122 1650 autem
1152 1614 1202 1662 τῷ
1232 1615 1375 1664 desertas
1403 1622 1517 1652 terras
1548 1624 1692 1668 putant
1722 1629 1785 1654 re-

135 1693 320 1737 pugnare
354 1696 450 1719 arva
469 1683 583 1734 opima
615 1681 666 1727 ΙΙ,
699 1677 795 1728 781,
820 1687 862 1717 et
894 1676 1060 1725 fimilia3
1087 1677 1129 1716 id
1160 1677 1249 1717 leve
1278 1678 1362 1726 est3
1390 1678 1548 1731 possunt
1568 1680 1677 1719 enim
1696 1679 1787 1734 agri

3 1799 7 1806 ζ
67 1744 70 1746 ’
141 1743 218 1793 effe
252 1744 400 1784 deserti
438 1753 479 1783 et
515 1743 735 1783 cultoribus
769 1742 901 1790 vacui,
929 1750 968 1781 et
1001 1750 1137 1780 tamen
1169 1741 1321 1781 fertiles
1355 1742 1508 1792 haberi,
1538 1744 1723 1796 inprimis
1754 1743 1784 1784 fi

139 1806 270 1851 cultus
287 1805 487 1847 accefferit
507 1824 518 1856 3
547 1816 588 1846 et
606 1816 731 1855 terra,
756 1806 799 1844 in
819 1818 943 1859 quam
961 1805 1058 1843 novi
1078 1804 1208 1843 coloni
1242 1805 1333 1844 sunt
1365 1806 1656 1859 immigraturi‚
1681 1807 1785 1851 beno

140 1871 299 1913 ‚deserta
319 1880 359 1910 et
391 1884 474 1910 non
508 1871 601 1911 satis
628 1870 881 1922 frequentata
908 1868 1139 1908 hominibus
1167 1870 1325 1909 dicitur.
1380 1872 1458 1910 Sed
1486 1871 1528 1910 id
1555 1871 1673 1924 plane
1692 1871 1735 1911 h.
1757 1871 1786 1912 l.

119 1948 224 1977 -non
244 1935 522 1990 quaerendum.
583 1937 714 1975 Poeta
744 1934 853 1974 enim
886 1933 963 1988 hoc
997 1947 1126 1973 unum
1162 1934 1262 1987 agit,
1289 1944 1334 1974 ut
1370 1935 1668 1976 miserationem
1696 1950 1786 1975 mo-

139 2008 246 2043 veat.
302 1998 498 2040 Praeclare
518 2009 655 2039 autem
674 1998 761 2052 post
780 2000 888 2037 Ilium
894 1999 1084 2051 superbum
1099 2015 1112 2036 .·
1140 2000 1279 2050 destrtae
1310 2008 1418 2039 terrae
1433 2016 1446 2039 .-
1475 2000 1517 2038 in
1537 2000 1679 2052 quibus
1697 1998 1789 2053 ipfis

141 2064 251 2106 sedes
283 2077 401 2104 novae
435 2074 550 2104 erant
578 2063 804 2104 condendae.
917 2075 958 2112 5.
990 2063 1178 2116 claffimque
1207 2065 1338 2117 Sprot.
1384 2065 1578 2118 'claffisque
1596 2078 1659 2117 pr.
1682 2067 1786 2105 Rot-

116 2129 252 2171 -tend.
285 2142 361 2182 pro
394 2142 480 2170 var.
516 2128 612 2168 leet.
726 2127 763 2167 6.
791 2136 824 2167 et
853 2126 958 2166 abest
990 2127 1197 2167 nonnullis
1216 2142 1278 2181 ap.
1301 2128 1442 2168 Heins.
1467 2137 1506 2167 et
1527 2128 1632 2167 Pier.
1747 2139 1785 2179 7.

129 2197 256 2251 ferent
277 2193 358 2233 duo
377 2193 518 2233 Heius.
635 2192 670 2233 8.
704 2193 754 2232 Ut
773 2195 898 2247 prima
926 2191 1078 2232 Hamb.
1098 2205 1161 2245 pr.
1213 2195 1375 2247 inceperit
1402 2192 1550 2233 Medic.
1585 2206 1608 2232 a
1625 2206 1687 2247 pr.
1706 2206 1764 2233 m.

137 2315 292 2383 phiam
315 2314 552 2378 antiquam
570 2313 780 2387 spectant,
798 2312 920 2359 noti-

998 2324 1044 2361 et
1066 2313 1217 2361 Cerda
1236 2314 1284 2363 in
1307 2314 1480 2378 adjefto
1495 2318 1599 2378 zjbsa.
1667 2316 1788 2365 Sim-

115 2439 118 2442 *
139 2381 249 2434 tiam
272 2379 435 2426 habere
466 2379 600 2427 debet
622 2394 677 2433 ιε,
718 2379 799 2442 qui
821 2394 920 2424 om-

1001 2379 1182 2443 pliciter
1222 2395 1278 2425 ex
1333 2379 1482 2427 Strab.
1539 2379 1683 2434 XIII,
1738 2399 1787 2446 p.

137 2443 232 2503 nia,
265 2460 365 2508 quae
396 2449 534 2508 poeta
565 2443 724 2490 leviter
745 2453 922 2489 tantum

107 2565 109 2569 y
138 2508 326 2574 attingit
361 2521 407 2556 et
443 2506 718 2573 perstringit,
753 2506 921 2555 intelli-

135 2580 245 2640 ἔξω
265 2572 392 2621 velit.
595 2615 597 2620 .

208 2653 346 2699 1—3.
397 2634 695 2699 Splendidum
742 2633 923 2684 exordi-

139 2718 235 2759 um,
268 2717 381 2769 pro:
418 2702 657 2764 Postquam
696 2698 840 2761 Troja
873 2700 924 2746 in

135 2763 260 2829 hunc
322 2765 508 2814 modum
559 2764 706 2812 fuerat
756 2763 922 2812 eversa.

136 2850 204 2974 ἵὲ
218 2832 361 2945 ἥβας,
396 2846 582 2895 regnum
609 2829 725 2878 Afiae
746 2846 791 2876 v.
824 2828 922 2892 sup.

154 2970 163 3015 ’ἦ
177 2895 571 3024 ’ν4ὴ-85.5.60.ἰευεῌα
591 2957 759 3020 effilia,
792 2959 842 3004 de
858 2977 926 3006 er-

114 3032 197 3079 'tie
225 3038 374 3077 terrae,
407 3023 466 3070 ad
506 3021 837 3070 miserationem
860 3021 926 3069 sa-

131 3078 197 3150 ’ἀὲ
214 3087 432 3154 graviter,
465 3101 550 3160 pro
571 3088 700 3134 terris
724 3086 851 3134 novis
871 3103 923 3133 ac

129 3148 330 3218 &vast-t,
360 3149 640 3216 longinquis,
661 3149 922 3199 inhabitan-

124 3209 247 3286 -ἓέδη
294 3218 496 3282 Augurii}
519 3217 668 3268 divum
711 3214 806 3277 sup,
851 3214 922 3270 II,

133 3335 138 3341 ,
160 3332 167 3339 ,
210 3273 338 3345 isq„
366 3279 451 3329 nifi
473 3278 638 3326 addere
671 3279 802 3328 malis
818 3295 922 3343 pro-

171 3344 315 3417 ,εἶ’-ΗΠ
330 3344 523 3405 fiammae
535 3360 581 3392 v-
602 3347 693 3394 682
708 3357 763 3401 et
778 3343 922 3392 Creu·

198 3407 451 3467 “monitum
481 3425 526 3456 v.
561 3410 674 3473 780.
742 3407 798 3455 In
832 3408 926 3455 An..

135 3472 289 3538 {Andro
305 3483 570 3538 argutantur
592 3471 924 3531 Grammatici,

1004 2444 1099 2490 606
1123 2442 1187 2491 D.
1231 2445 1492 2498 tenendum,
1515 2444 1662 2493 versus
1694 2463 1787 2494 rne-

1002 2507 1166 2554 ridiem
1184 2507 1241 2555 ab
1262 2507 1372 2563 Ilio,
1394 2509 1451 2554 ad
1474 2508 1617 2556 finum
1640 2509 1789 2559 Adra-

1004 2584 1276 2635 myttenum,
1299 2573 1445 2629 fuiffe,
1471 2572 1623 2619 saltem
1646 2575 1785 2623 serio-

1004 2636 1128 2684 ribus
1164 2638 1458 2701 temporibus,
1491 2636 1646 2686 urbem
1687 2640 1788 2690 An,-

1004 2701 1233 2756 tandrum,
1256 2703 1427 2757 navale,
1450 2701 1506 2747 ab
1531 2701 1645 2749 Idaei
1662 2720 1789 2755 mon-

1004 2765 1063 2813 tis
1095 2766 1285 2814 radices,
1351 2765 1488 2817 Nihil
1519 2765 1666 2829 igitur
1698 2768 1788 2817 mi-

1004 2846 1122 2885 rum,
1158 2829 1189 2877 fi
1222 2836 1359 2894 poeta
1392 2847 1525 2878 naves
1561 2830 1712 2878 AEneae
1734 2832 1786 2879 in

1004 2905 1098 2941 tam
1137 2894 1286 2942 nobili
1318 2908 1364 2942 et
1404 2895 1646 2942 commodo
1681 2896 1786 2949 loco

1005 2958 1242 3006 aedificatas
1314 2959 1468 3007 tradit.
1568 2958 1789 3013 Materies

1006 3023 1135 3071 elafii,
1148 3024 1423 3070 aedificandae
1443 3039 1500 3069 ex
1531 3036 1684 3070 monte
1705 3023 1791 3075 Ida

1006 3088 1296 3150 suppetebat:
1332 3088 1392 3135 cf.
1437 3087 1591 3134 Wood
1631 3090 1787 3154 (Effly

1005 3170 1055 3198 on
1077 3153 1232 3198 IJomer
1263 3170 1308 3219 p.
1351 3155 1480 3214 323).
1546 3168 1593 3216 7.
1632 3151 1794 3215 Incerti

1002 3220 1374 3280 quofatafirant.
1399 3216 1456 3270 ad
1478 3215 1523 3262 h.
1547 3217 1579 3262 l.
1604 3216 1666 3265 cf.
1689 3215 1790 3263 dic-

1005 3292 1050 3326 ta
1084 3281 1132 3325 in
1164 3279 1363 3344 Disquis.
1399 3280 1446 3327 II
1469 3279 1503 3328 s.
1543 3279 1632 3331 VI.
1668 3279 1786 3337 Exc-

1006 3342 1109 3390 XV
1130 3345 1188 3391 ad
1209 3343 1292 3391 lib.
1315 3344 1381 3393 ΙΙ.

1075 3413 1120 3458 8.
1159 3409 1204 3453 V
1197 3415 1245 3456 ix
1252 3416 1395 3472 prima
1415 3415 1447 3457 i.
1471 3409 1592 3471 aestas
1610 3407 1646 3457 s.
1669 3408 1792 3461 aestav

1006 3471 1066 3524 tis
1102 3472 1248 3538 prima
1281 3489 1400 3538 pars,
1438 3472 1488 3523 h.
1523 3488 1567 3525 e.
1609 3487 1712 3582 verss
1740 3488 1789 3539 v.

1716 3551 1789 3585 xc.
