2294 4030
578 259 1031 334 ‘AENEIDO
1058 263 1115 343 s,
1182 264 1372 334 Lm.
1429 261 1539 361 vr.

1779 283 1903 386 743·

250 423 517 498 Inclusas
537 438 783 513 animam,
807 439 1202 522 superumque
1219 442 1294 502 ad
1317 443 1519 503 lumen
1541 443 1743 517 ituraS,
1772 443 1895 506 680

247 535 574 609 Lustrssabat·
587 551 780 612 studio
797 552 1086 626 recolens,
1111 570 1471 635 omnemque
1488 556 1732 618 suorum

249 652 427 724 Forte
451 665 789 726 recensebat
816 685 1152 742 numerum,
1192 671 1475 750 carosque
1501 687 1768 751 nepotes,

248 764 529 853 Fataque,
558 773 928 854 fortunasque
955 777 1170 849 virum,
1193 779 1516 859 moresque,
1546 781 1891 861 manusque.

245 875 424 963 Isque
453 885 557 946 ubi
577 886 923 954 tendentem
943 888 1253 948 adversum
1272 910 1379 968 per
1394 891 1665 968 gramina
1693 890 1847 949 vidit

243 991 492 1065 AEnean‚
522 995 728 1054 alacris
759 996 985 1074 palmas
1012 997 1283 1077 utrasque
1312 1000 1599 1070 tetendit;

1767 1006 1881 1084 685

162 1105 166 1109 ’
243 1102 586 1185 Effusaeque
611 1106 778 1186 genis
809 1107 1073 1167 lacrimae
1098 1137 1114 1177 ;
1158 1123 1216 1167 et
1246 1129 1358 1167 vox
1387 1111 1613 1172 excidit
1647 1134 1783 1174 ore:

244 1205 471 1273 Venisti
499 1215 762 1288 tandem,
815 1200 1032 1297 tu'aque
1065 1216 1318 1297 speetata
1355 1224 1587 1298 parenti

294 1376 392 1418 680.
435 1380 655 1436 Inclususque
693 1394 757 1434 pr.
798 1381 946 1422 Hamb.

239 1453 288 1482 nc
319 1443 400 1483 duo
433 1445 573 1485 Burm.
615 1459 707 1485 cum
740 1447 854 1486 trinis
890 1448 1035 1496 Goth„
1078 1450 1186 1501 quod
1224 1453 1357 1490 ornari
1397 1454 1521 1505 poffit.

1021 1384 1167 1438 illustres
1205 1386 1386 1427 Parrhas.
1440 1391 1492 1429 acl
1506 1391 1608 1430 limen
1637 1392 1717 1432 duo
1737 1392 1877 1436 Heius.

1599 1457 1676 1495 Sed
1714 1456 1763 1494 cf.
1803 1455 1888 1502 inf,

242 1506 539 1560 829.-———682.
572 1526 726 1551 numeros
749 1514 839 1550 Exc.
865 1512 1004 1551 Burm.
1057 1513 1230 1569 clarosque
1250 1516 1313 1555 ed.
1344 1517 1654 1568 Dan.-—683⁴
1687 1522 1875 1575 Fac-Juque

241 1572 383 1611 Franc.
431 1573 608 1627 genusque
636 1574 734 1613 alios
751 1574 886 1626 legere
901 1575 1054 1614 Pierius
1074 1577 1123 1614 ad
1140 1577 1362 1629 marginem
1380 1589 1602 1628 notaverat,
1622 1582 1688 1621 sed
1713 1583 1876 1623 videtur

238 1649 288 1676 ex
324 1638 604 1676 emendatione
641 1638 894 1691 profe&u1n;
941 1640 1035 1694 quia
1073 1639 1272 1680 obscurius
1306 1642 1375 1689 est,
1419 1644 1515 1694 quid
1543 1661 1665 1685 manus
1702 1645 1760 1685 fit.

239 1702 334 1752 687.
375 1702 573 1757 exspeffata
602 1705 872 1756 antiquiorem
911 1718 1110 1757 quemque
1148 1707 1326 1745 codicem
1353 1708 1554 1756 exhibere,
1590 1724 1727 1750 omnes
1745 1710 1878 1750 faten-

236 1775 332 1816 tut-3
358 1768 459 1806 adde
473 1769 596 1807 Rom.
615 1776 655 1806 et
668 1768 798 1807 Vatic.
821 1767 967 1820 fragm.
989 1778 1044 1815 et,
1061 1769 1153 1808 licet
1167 1771 1420 1818 recentiores,
1434 1785 1523 1810 cum
1540 1773 1623 1814 Erf.
1644 1783 1724 1813 tres
1739 1774 1870 1815 Goth.

237 1830 324 1870 Nec
344 1829 460 1869 aliter
477 1830 568 1870 edd.
598 1840 767 1878 veteres,
794 1840 834 1869 et
854 1845 994 1870 omnes
1006 1832 1182 1879 Aldinae,
1213 1843 1252 1872 et
1271 1834 1363 1873 inde
1383 1846 1625 1888 propagatae.
1684 1839 1872 1879 Necdum

234 1893 339 1935 mihi
367 1894 532 1945 constat,
567 1895 674 1935 unde
701 1895 867 1949 vulgata
884 1896 1049 1955 spebifata
1076 1897 1248 1940 venerit.
1307 1898 1512 1938 Pafferatii
1532 1900 1711 1941 codicem
1731 1916 1804 1954 pro
1824 1917 1872 1943 ea

234 2099 394 2164 Odyff.
417 2113 465 2156 λ,
512 2114 594 2166 15¹1
621 2100 751 2164 sqq03
786 2100 862 2149 sed
884 2102 1010 2150 locus

231 2164 310 2212 hic
330 2167 388 2213 de
410 2164 608 2214 Anchisa
625 2166 837 2229 praeclare
859 2183 883 2212 a
902 2168 1011 2214 Vir-

230 2229 346 2294 gilio
367 2231 429 2278 est
451 2233 678 2277 tractatus.
746 2230 1009 2278 Artificium

229 2299 381 2358 poetae
399 2294 638 2358 egregium
658 2295 707 2341 in
742 2293 848 2350 hoc,
887 2297 1011 2358 quod

229 2359 454 2407 Anchises
491 2361 578 2406 hoc
617 2360 716 2423 ipso
738 2371 938 2423 tempore
962 2362 1011 2407 in

230 2424 413 2471 recensu
435 2423 685 2471 animarum
716 2423 763 2470 in
802 2425 917 2471 hanc
938 2425 1005 2472 vi-

227 2499 321 2534 tam
369 2488 707 2535 tranfiturarum
760 2500 1006 2552 occupatus

226 2552 287 2599 ab
309 2553 453 2610 AEnea
475 2551 842 2616 deprehenditur.
890 2553 1007 2600 Tra-

226 2616 364 2664 duxit
398 2616 522 2663 enim
544 2621 678 2680 poeta
709 2629 754 2663 et
779 2617 1006 2664 convertit

226 2679 278 2728 in
299 2697 392 2728 rem
416 2682 540 2728 suam
560 2693 684 2728 vetus
704 2682 821 2729 illud
849 2682 1003 2745 philo-

226 2745 514 2808 sophantium
537 2745 774 2809 placitum,
794 2764 886 2810 quo
909 2747 1005 2794 ani-

226 2826 314 2858 mae
346 2812 444 2872 jam
476 2823 579 2856 ante
611 2810 718 2857 vitae
758 2811 889 2874 hujus
933 2811 1003 2859 in-

260 2874 421 2922 reffum
496 2873 696 2922 exfistere
768 2887 998 2939 putantur-

223 2976 226 2979 .
257 2955 330 2993 arn
349 2939 409 2986 iis
429 2950 577 2986 certus
606 2939 734 2985 locus
753 2950 848 2986 erat
875 2940 1002 3005 affig-

223 3003 421 3057 nanduS,
436 3004 514 3050 cui
530 3002 714 3050 inclusae
729 3004 862 3051 effent
877 3023 891 3060 3
916 3005 1000 3051 do-

221 3068 417 3116 cendum
471 3083 597 3121 otro,
651 3067 772 3114 unde
805 3067 856 3126 in
894 3085 998 3116 eum

1735 1966 1874 2015 laudat

1091 2117 1203 2168 pora
1223 2103 1448 2159 animaffe,
1485 2105 1673 2170 vitaque
1695 2105 1871 2155 functas

1091 2171 1140 2216 in
1166 2185 1217 2215 ea
1237 2171 1338 2216 loca
1367 2171 1651 2217 descendifl'e.
1722 2172 1871 2234 Atqui

1091 2233 1166 2280 hic
1189 2235 1336 2281 rursus
1353 2251 1468 2280 nova
1491 2235 1772 2296 conjectandi
1789 2253 1868 2282 ne-

1091 2298 1275 2354 ceffitas,
1310 2300 1541 2361 quomodo
1562 2299 1740 2352 animae,
1763 2315 1867 2346 cor-

1091 2362 1214 2426 poris
1261 2363 1474 2426 contagio
1530 2364 1866 2419 contaminatae,

1086 2426 1212 2473 vitiis
1233 2440 1281 2473 et
1303 2427 1529 2474 erroribus
1551 2427 1734 2474 liberari
1758 2430 1866 2490 pos-

1087 2491 1188 2547 fint,
1206 2503 1283 2538 aut
1298 2491 1459 2538 iisdem
1478 2491 1526 2537 in
1544 2492 1676 2546 locis,
1693 2506 1767 2538 aut
1785 2509 1864 2540 an-

1087 2565 1264 2618 tequam
1288 2573 1340 2603 ea
1361 2556 1409 2601 in
1432 2556 1532 2602 loca
1551 2555 1861 2618 pervenissent.

1087 2619 1199 2668 680.
1233 2621 1424 2685 inclzfisas,
1448 2621 1654 2666 colleffias
1677 2620 1724 2665 in
1738 2621 1861 2669 hunc

1083 2684 1252 2731 locum.
1288 2702 1332 2731 v.
1370 2683 1453 2730 inf.
1497 2700 1585 2748 705·
1613 2684 1707 2746 sqq.
1773 2688 1860 2731 Re.

1084 2748 1265 2803 colimus,
1298 2749 1450 2794 animo
1474 2747 1651 2811 proprie
1696 2763 1857 2811 praete·

1085 2812 1190 2869 rita,
1209 2812 1285 2860 hic
1309 2831 1352 2860 v.
1390 2815 1476 2861 681
1515 2812 1658 2876 fimpl.
1704 2828 1859 2861 recen-

1087 2877 1197 2932 sere,
1249 2876 1483 2940 exquirere
1536 2888 1581 2922 et
1624 2875 1855 2927 addiscere

1082 2941 1233 2988 futura
1256 2941 1372 2988 facia
1389 2952 1434 2988 et
1467 2955 1533 2986 res
1556 2940 1737 2986 fortiter
1756 2944 1856 3006 ges.

1084 3015 1166 3052 tas.
1233 3007 1343 3066 683.
1378 3022 1524 3053 manus
1547 3003 1617 3051 seu
1641 3003 1856 3060 virtutem

1082 3067 1157 3115 seu
1181 3067 1295 3115 fafla
1341 3068 1561 3131 intellige.
1629 3064 1753 3117 Nam
1784 3072 1854 3134 je.-

219 3133 373 3186 loeum
394 3148 420 3179 e
451 3140 529 3179 ent
544 3131 764 3180 deduetae.
819 3124 898 3179 ⁴I‘ta
918 3149 999 3198 op-
1074 3133 1235 3195 junum
1257 3133 1376 3187 effet,
1408 3134 1465 3180 de
1508 3130 1638 3180 turba
1678 3149 1730 3180 ac
1767 3151 1855 3183 nu..

221 3197 476 3263 portunitas
495 3195 601 3247 data
623 3195 809 3258 mythis,
827 3197 996 3260 partim
1080 3213 1204 3244 mero
1224 3197 1441 3260 accipere.
1832 3251 1839 3257 ,

176 3289 178 3291 -
221 3273 275 3310 ut
315 3261 468 3308 locum
487 3259 757 3315 ⁸accuratius
795 3261 996 3308 declara·
1143 3261 1413 3326 687—694„
1444 3270 1553 3311 vicit
1579 3269 1660 3311 iter
1677 3280 1696 3310 :
1730 3279 1814 3327 pro
1832 3279 1848 3312 ε

221 3337 357 3380 rent„
371 3324 538 3389 partim
553 3337 602 3372 ut
617 3325 874 3380 statuerent,
897 3325 994 3379 ani·
1073 3323 1219 3372 fecisti
1241 3324 1327 3372 iter
1348 3338 1495 3374 motus
1515 3326 1698 3390 pietate,
1731 3324 1850 3387 mihi

214 3402 404 3452 meas
419 3389 517 3454 jam
536 3400 667 3448 antea
685 3389 881 3450 humana
892 3405 995 3440 cor·
1071 3389 1166 3454 jam
1188 3388 1394 3500 1Xobata.
1427 3390 1567 3441 Nunc
1587 3390 1729 3456 pietas
1742 3391 1855 3464 estse--

226 3466 230 3477 -,
261 3471 266 3476 .
376 3468 379 3471 .
1142 3467 1170 3518 3
1275 3468 1303 3506 2
1761 3466 1851 3521 mc,
