2294 4030
563 239 1086 312 AENEIDOS,
1150 238 1344 302 LIB.
1394 239 1508 304 III.
1714 259 1832 320 329

199 407 529 486 Nereidum
557 407 736 468 matri
763 421 822 466 et
850 405 1136 486 Neptuno
1161 405 1381 486 AEgaeo
1406 429 1421 466 z

196 525 410 608 Qum·
421 525 556 604 pius
585 525 958 599 ArcitenenS,
986 545 1112 585 oras
1143 539 1199 582 et
1227 524 1402 584 litora
1441 527 1669 585 circum
1753 544 1787 605 7
1795 541 1827 607 5

148 692 163 699 -
193 627 532 711 Errantem,
563 638 766 717 Gyaro
794 640 950 700 celsa
978 639 1364 720 Myconoque
1391 640 1670 715 revinxit,

175 812 275 866 βῆτα
292 815 422 864 Delus,
457 814 652 869 probante
674 816 905 856 But-manno
926 817 1106 857 Secundo
1127 816 1177 857 ad
1196 816 1367 857 Anthol.
1397 819 1513 859 Po‘et.
1540 819 1575 856 L
1579 826 1632 857 at.
1667 830 1705 870 p.
1734 815 1831 865 460,

192 877 303 921 addit
322 878 527 921 Schrader.
547 881 773 921 Emendatt.
795 895 827 921 c.
853 893 892 931 3,
910 894 951 933 p.
973 893 1040 934 39,
1060 882 1168 934 quod
1187 881 1237 921 fic
1258 895 1415 935 quoque
1434 883 1476 921 in
1497 882 1583 922 Ciri
1602 895 1644 921 v,
1665 893 1743 931 473
1771 880 1829 919 le-

190 940 316 994 gitur.
374 945 427 982 Et
445 943 566 983 habet
586 943 676 983 sane
696 957 776 996 quo
802 944 966 997 placeat.
1024 945 1200 985 Videant
1237 955 1371 985 tamen
1394 946 1476 994 alii,
1515 959 1648 987 annon
1668 944 1829 997 po'etica

190 1005 353 1046 ratione
367 1006 604 1059 exquisitius
621 1017 793 1060 ponatur
810 1009 1045 1060 genericum
1058 1022 1220 1057 nomen,
1239 1011 1356 1049 tellus
1413 1010 1561 1049 Porro
1551 1023 1591 1048 m
1603 1009 1673 1048 tali
1686 1007 1830 1060 positu,

187 1078 236 1109 ut
254 1069 320 1110 hic
338 1071 461 1112 verba
479 1072 617 1112 vides:
648 1073 1015 1127 Sacra—gratffma
1035 1075 1139 1112 tellus
1159 1075 1354 1114 Nereidum
1378 1078 1484 1114 matri
1496 1074 1622 1127 potest
1638 1073 1742 1111 forte
1762 1073 1828 1111 tel-

189 1135 247 1175 Ius
276 1137 406 1190 magis
433 1137 602 1190 placere.
639 1137 697 1176 ·‘1‘
694 1137 780 1175 ellus
813 1146 951 1175 autem
980 1150 1054 1189 pro
1076 1137 1203 1176 insula
1223 1151 1303 1176 non
1329 1139 1427 1178 adeo
1453 1138 1666 1177 abhorrere
1687 1136 1735 1175 ab
1754 1136 1828 1177 usu

188 1202 409 1251 poetarum
425 1201 600 1243 videtur.
659 1199 844 1240 Subeunt
862 1201 985 1240 modo
1000 1201 1068 1240 illa
1094 1202 1273 1241 animum
1292 1215 1303 1241 ε
1335 1203 1543 1243 Claudian.
1563 1203 1610 1242 de
1630 1204 1681 1240 R.
1702 1202 1770 1238 Pr.
1792 1202 1825 1245 Ι,

190 1273 271 1316 192
299 1262 423 1303 Ceres
441 1264 490 1303 de
511 1263 672 1302 Sicilia:
710 1263 822 1319 salve
852 1265 1047 1318 gratgffima
1080 1265 1195 1304 tellus.
1252 1266 1373 1304 Ovid.
1408 1270 1508 1305 Met.
1532 1268 1602 1313 ΙΙΙ,
1620 1275 1698 1317 597
1722 1266 1826 1302 Forte

179 1337 302 1383 petens
320 1329 467 1377 Delum,
489 1331 562 1370 diae
576 1330 715 1368 telluris
734 1329 787 1369 ad
802 1344 879 1368 oras
898 1330 1095 1383 Applicor.
1118 1339 1157 1368 et
1177 1330 1249 1369 inf.
1274 1343 1310 1370 v.
1334 1342 1409 1382 127
1439 1332 1567 1370 crebris
1575 1332 1682 1385 freta
1700 1330 1826 1380 corfita

185 1395 304 1432 utris.
357 1393 496 1433 Etiam
520 1395 678 1433 Senecae
703 1392 815 1433 locus
845 1394 966 1432 Herc.
988 1393 1065 1433 fur.
1092 1405 1140 1444 15
1164 1403 1370 1447 tamquam
1391 1408 1440 1434 ex
1476 1395 1609 1434 nostro
1628 1392 1826 1446 expreffus

183 1455 359 1509 vulgatae
377 1457 560 1497 lectionis
579 1456 765 1497 columen
777 1457 915 1496 haberi
935 1458 1063 1510 potest
1079 1471 1089 1496 ε
1122 1460 1333 1515 Qibusque
1344 1462 1435 1499 natis
1448 1460 1579 1498 mobilis
1600 1459 1702 1497 tellus
1707 1458 1823 1510 stetit.

183 1533 358 1573 ---74.
386 1526 567 1578 Neptunia
578 1522 730 1574 aliquot
742 1536 806 1575 ap.
819 1523 955 1561 Burm.
974 1522 1080 1561 Pier.
1093 1524 1187 1562 Ald.
1203 1536 1264 1575 pr.
1294 1526 1462 1577 Neptuno
1474 1525 1679 1577 Ennosigaeo
1691 1521 1829 1560 Titius

140 1588 284 1638 ¹,Loc.
303 1597 485 1627 controv.
513 1588 612 1635 XV,
633 1588 694 1629 16.
753 1587 902 1626 Versus
934 1586 1042 1626 haud
1067 1587 1185 1627 dubie
1208 1602 1254 1627 ex
1283 1592 1408 1639 poeta
1427 1588 1591 1639 antiquo
1626 1595 1822 1638 arreptus,

158 1674 165 1680 ·
183 1649 290 1691 forte
308 1651 416 1691 idem
435 1663 483 1691 ex
504 1651 647 1690 Graeco
667 1650 827 1690 versus}
875 1650 1039 1704 Νηρεΐδων
1058 1651 1184 1705 μητρός
1205 1668 1242 1690 «τε
1264 1650 1462 1693 Ποσειδῶνός
1491 1652 1522 1689 τ’
1549 1651 1824 1701 Abydum——

187 1722 253 1765 75.
276 1719 382 1771 prius
406 1706 914 1768 interpretatur'Pompon.
935 1714 1022 1755 Sab.
1043 1723 1083 1754 et
1107 1725 1290 1754 notatum
1311 1729 1384 1767 pro
1405 1729 1488 1754 var.
1511 1714 1603 1754 leet.
1626 1715 1667 1753 in
1689 1714 1827 1753 Servi--

183 1779 293 1826 auin
322 1779 452 1833 ficque
471 1778 621 1831 aliquot
644 1779 767 1818 Pierii
790 1778 946 1830 tresque
975 1779 1140 1827 Burm„
1166 1779 1272 1831 quod
1300 1780 1385 1832 jam
1406 1779 1589 1818 Broukh.
1613 1779 1818 1831 probarat,

182 1851 226 1884 ct
245 1843 362 1883 docste
383 1843 593 1883 illustravit
613 1845 803 1883 Burman.
826 1843 1029 1882 Secundus
1043 1844 1092 1882 ad
1106 1844 1271 1883 Anthol.
1293 1844 1317 1883 l.
1342 1858 1374 1882 c.
1393 1857 1432 1896 p.
1461 1845 1557 1892 460,
1575 1856 1619 1883 ut
1639 1843 1686 1882 fit
1712 1846 1818 1897 prius

186 1919 375 1948 errantem.
428 1907 500 1947 Ad
518 1916 636 1946 terrae
655 1916 794 1947 tamen
813 1916 971 1945 motum
998 1907 1067 1946 sub
1090 1908 1285 1960 Augusto,
1312 1906 1340 1945 fi
1360 1907 1614 1946 Tertulliano
1634 1906 1729 1945 fides
1746 1906 1818 1944 ha-

119 1977 122 1979 “
186 1969 333 2019 benda,
349 1969 505 2010 faetum
519 1970 663 2010 referri
683 1970 748 2009 hic
763 1970 866 2010 nihil
885 1970 1026 2022 potest.
1081 1975 1302 2025 arquitenens
1321 1970 1503 2009 scribitur
1519 1971 1562 2009 in
1596 1970 1739 2009 Medic.
1776 1981 1818 2011 et

180 2033 269 2081 aliis
278 2048 319 2075 v.
333 2034 468 2075 Heins.
495 2036 626 2075 Ateius
647 2033 835 2075 arciteitens
856 2034 959 2087 conj.
984 2034 1177 2086 Cuning.‚
1195 2047 1336 2086 parum
1350 2033 1706 2084 feliciter.—-÷-76.
1738 2035 1817 2072 Or-

181 2099 234 2139 do
253 2092 470 2138 verborum
497 2098 545 2138 ab
566 2099 704 2140 Heins.
743 2099 917 2138 Medicei
936 2099 1201 2150 aliorumque,
1232 2099 1355 2137 etiam
1377 2098 1670 2146 Pierianorum,
1696 2099 1812 2139 codd.

118 2163 125 2167 ’
179 2164 419 2204 ειυὸὶοτίῐειεε
440 2163 495 2204 est
521 2162 738 2202 restitutus.
794 2162 930 2215 Vulgo
950 2162 993 2201 in
1023 2163 1180 2214 scriptis
1207 2171 1247 2201 et
1277 2162 1392 2201 editis
1411 2163 1492 2215 leg.
1549 2164 1698 2215 Mycone
1729 2164 1817 2221 celsa

178 2231 382 2285 Gyaroque.
423 2229 514 2277 Sed,
531 2230 684 2283 Mycone
703 2228 895 2268 vitiosum
910 2228 1000 2276 effe,
1023 2237 1063 2267 et
1079 2228 1232 2267 Pierius
1246 2228 1347 2267 vidit
1367 2236 1407 2266 et
1418 2227 1530 2266 facile
1543 2237 1704 2280 apparet
1720 2243 1731 2276 ;
1760 2228 1816 2267 est

177 2294 289 2333 enim
307 2293 452 2336 Μύκονσς
470 2307 481 2341 ;
511 2302 647 2332 ortum
666 2291 786 2341 forte,
799 2301 845 2331 ut
863 2292 1003 2332 Heins.
1022 2292 1138 2339 vidit,
1162 2305 1207 2330 ex
1224 2293 1374 2346 Mycono
1393 2308 1410 2330 e
1429 2293 1528 2348 celsa,
1546 2292 1594 2332 cf.
1616 2293 1733 2331 eund.
1764 2292 1816 2331 ad

121 2377 124 2380 ·
179 2357 299 2412 ovid.
321 2360 398 2411 Ep.
429 2359 551 2406 XXI,
570 2357 640 2406 815
655 2357 876 2410 docentque
896 2357 939 2396 id
964 2370 1048 2395 var.
1069 2356 1163 2396 leet.
1184 2370 1204 2395 e
1226 2357 1366 2396 Burm.
1390 2357 1504 2397 codd.
1533 2358 1712 2410 Mycono‘e',
1733 2359 1818 2397 M.

176 2435 287 2471 emec,
324 2423 535 2470 Mic-honae.
565 2421 611 2462 it.
652 2422 717 2462 M.
741 2422 875 2476 excelsa
895 2432 928 2460 et
948 2422 1049 2477 ceffa,
1079 2430 1123 2459 ut
1152 2421 1194 2459 in
1222 2423 1356 2460 Goth.
1417 2421 1505 2459 Sed.
1526 2421 1661 2459 Heins.
1691 2435 1813 2473 porro

173 2484 426 2540 rescripserat
449 2489 571 2539 Gyaro
590 2501 608 2525 e
627 2485 726 2541 celsa,
740 2484 820 2524 fine
836 2485 955 2533 libro,
973 2485 1081 2538 quod
1091 2484 1200 2523 reete
1219 2484 1360 2522 Burm.
1380 2483 1554 2536 reliquit.
1597 2485 1692 2539 ceffae
1711 2499 1813 2526 unus

175 2549 292 2596 Leid.
346 2549 568 2592 Aberratur
600 2550 747 2597 etiam:
790 2552 948 2598 Micone,
979 2552 1135 2596 Micam,
1150 2571 1204 2577 --
1220 2551 1331 2588 Giaro
1343 2566 1358 2591 ;
1407 2549 1625 2601 cujusmodi
1661 2562 1815 2588 errores

165 2610 318 2670 &omre
336 2614 464 2668 piget,
481 2613 795 2668 praetermittere
825 2624 962 2654 tamen
981 2627 1062 2653 non
1081 2614 1189 2653 licet.
1242 2615 1386 2652 revexit
1405 2613 1541 2651 Codex
1557 2611 1724 2651 Amstel.
1744 2626 1809 2664 ap.

133 2677 138 2679 ’
173 2675 393 2721 Burmann.
415 2678 581 2724 Secund.
602 2678 630 2725 1,
655 2692 689 2718 c.
744 2680 882 2734 ligavit
898 2692 961 2734 pr.
982 2676 1212 2725 Hamburb.
1246 2678 1291 2715 In
1303 2672 1464 2730 laudato
1478 2675 1808 2734 Epigrammate:

120 2763 137 2808 Ι·
156 2738 281 2803 >Delos
287 2741 372 2797 ,iam
373 2742 500 2801 stabili
517 2747 684 2789 rovinfta
704 2754 819 2790 terra.

1029 2880 1101 2938 di,
1144 2891 1190 2927 et
1222 2880 1408 2940 Neptuno
1442 2877 1634 2951 (AEgaeo
1666 2874 1806 2932 ἀίἑὶο,

143 2848 151 2926 Α.
169 2876 354 2936 sedits'
335 2901 568 2946 cneum-ou,
599 2881 690 2930 fixa
710 2881 786 2930 est.
832 2877 951 2929 nihil

1029 2946 1153 3023 quod
1175 2945 1215 3007 ej
1223 2961 1270 2990 us
1291 2942 1471 2989 sedem
1458 2958 1507 2988 in
1520 2943 1678 3004 AEgaeo
1691 2941 1809 2988 mari

149 2944 376 3008 'amplum
439 2956 554 2997 mari
571 2949 698 2995 medio
733 2945 808 2992 seu
840 2946 949 3019 quia

129 3008 243 3073 gCy
245 3009 426 3058 cladum
445 3011 595 3062 media
627 3009 784 3057 habita
804 3009 947 3058 dicta-

145 3026 750 3213 ’ἓἛὲἔὲἶὺἫΞωξὲοιῗ
771 3073 946 3187 ³⁰¹¹‘331

194 3171 216 3187 .
387 3173 404 3195 ,
417 3154 444 3187 e
478 3156 503 3186 a
569 3156 595 3189 e
656 3155 682 3185 a
738 3155 799 3186 m.
813 3155 863 3186 m

140 3200 161 3213 ”
168 3216 284 3274 φο,
302 3201 460 3266 Soqwh.
485 3203 597 3266 Byz.
618 3202 669 3253 in
680 3207 827 3255 Δῆλος
852 3202 944 3251 ibi-

160 3280 263 3338 φο,
273 3264 410 3329 Intpp
431 3266 551 3322 ,seu
572 3266 854 3340 (impliciter,
895 3266 946 3315 in

213 3340 292 3388 τος
213 3330 449 3381 tomedo
462 3330 676 3395 loquendi
692 3330 947 3379 Homerico

219 3392 328 3456 yff.
349 3393 392 3450 δ’,
413 3397 524 3458 844,
544 3407 595 3442 ut
614 3410 724 3445 mox
739 3395 798 3443 de
810 3394 948 3442 Creta

140 3462 232 3518 Ὺ».
239 3473 348 3526 194.
383 3459 607 3529 Nmtdum
624 3467 775 3519 matti,
802 3457 951 3515 Dori-

1027 3015 1268 3073 poetarum
1288 3005 1486 3053 narratio
1507 3005 1804 3058 consecravit,

1030 3084 1080 3120 ut
1112 3073 1183 3120 vel
1217 3087 1273 3119 ex
1307 3070 1511 3117 Homero
1546 3080 1723 3124 notum,
1758 3086 1807 3118 v.

1031 3137 1185 3185 Guell.
1229 3136 1300 3183 vel
1323 3134 1560 3193 Cerdam).
1625 3132 1759 3179 Cur
1747 3133 1805 3179 iis

1018 3202 1259 3268 gratiffima
1280 3199 1439 3251 Delus,
1458 3216 1502 3245 v.
1525 3195 1713 3244 Excurs.
1730 3196 1805 3243 IV

1028 3268 1086 3315 ad
1107 3267 1154 3314 h.
1173 3282 1218 3312 v.
1277 3271 1392 3326 pius,
1430 3274 1586 3324 gratus
1606 3276 1712 3324 erga
1732 3260 1805 3307 in-

1028 3331 1189 3384 sulam,
1206 3329 1323 3389 φίλην
1341 3325 1520 3381 veiam,
1535 3325 1583 3372 in
1602 3340 1690 3387 qua
1709 3335 1807 3371 erat

1027 3405 1174 3442 natus.
1241 3392 1331 3438 Res
1351 3392 1421 3437 vel
1441 3407 1497 3437 ex
1526 3388 1805 3436 Callimachi

1027 3458 1252 3527 Hymno
1247 3455 1299 3507 in
1329 3454 1502 3510 Delum
1530 3464 1655 3505 nota.
1716 3454 1810 3500 Aru-

1634 3522 1817 3573 citenem
