2294 4030
578 262 1099 338 AENElDos,
1161 261 1532 353 L113.1v1.
1583 269 1593 273 ’

1733 276 1846 347 732

215 426 658 507 AdceleremuS,
682 433 796 502 ait3
832 431 1182 511 Cyclopum·
1197 431 1406 492 educta
1433 429 1709 493 caminis·
1730 429 1854 509 630

214 541 452 605 Moenia
477 539 799 620 conspicio,
826 557 1005 622 atque
1027 541 1271 602 adverso
1299 541 1526 602 fornice
1550 556 1771 621 portem,

121 713 136 722 ,
211 651 371 712 Haec
401 653 503 712 ubi
529 673 632 713 nos
658 671 964 734 praecepta
981 651 1198 734 jubent
1225 653 1518 733 deponere
1545 652 1721 712 dona.

211 764 479 835 Dixerat,
505 779 565 824 ct
591 764 831 844 pariter,
858 763 1025 844 greffi
1053 784 1161 844 per
1186 782 1378 842 opaca
1399 765 1647 834 viarum,

215 875 573 955 Conripiunt
625 875 880 955 spatium
919 875 1187 935 medium
1223 874 1563 956 foribusque
1605 874 1854 954 propin-

449 996 655 1061 quana

149 1135 151 1137 v
211 1084 490 1176 Occupat
517 1094 733 1157 AEneas
761 1096 1012 1170 aditum,
1038 1098 1366 1180 corpusque
1390 1101 1612 1162 recenti

1734 1104 1848 1185 635

274 1267 300 1308 6
304 1280 367 1319 30.
401 1267 486 1306 Hac
504 1283 534 1306 c.
561 1265 714 1318 aliquot
733 1263 839 1306 Pier.
897 1265 1011 1306 Adcel.
1033 1268 1099 1304 iter
1116 1266 1223 1305 Ven.
1275 1270 1375 1307 Mox
1393 1271 1492 1308 αἰιὲἵα
1511 1269 1578 1310 alii
1597 1284 1662 1323 ap.
1684 1270 1790 1312 Pier.
1813 1278 1856 1315 et

219 1333 381 1381 Heius„
417 1331 486 1372 alii
515 1332 669 1378 ohduaa,
707 1338 746 1370 et
778 1338 951 1382 quatuor
980 1330 1116 1370 Waffii
1153 1345 1217 1385 ap.
1269 1334 1410 1372 Burm.
1445 1337 1593 1381 vireaea,
1634 1335 1739 1376 forte
1778 1351 1853 1390 pro

214 1403 351 1446 ενεέῖας
378 1395 586 1438 Schrader.
619 1395 662 1435 in
691 1394 764 1435 ms.
798 1395 1034 1448 conjiciebat
1066 1400 1212 1445 ευὶηὸἰας
1240 1397 1347 1449 quod
1367 1407 1405 1436 et
1427 1398 1556 1450 ipsum
1577 1399 1675 1451 bene
1695 1400 1850 1443 dictum

215 1461 323 1504 esset.
381 1460 462 1499 Pro
478 1461 580 1497 duHa
600 1459 724 1499 etiam
743 1458 895 1499 laudari
914 1460 1071 1512 possunt
1091 1462 1211 1500 Rom.
1231 1469 1271 1500 et
1289 1460 1434 1514 fragm.
1459 1463 1589 1501 Vatic.
1622 1477 1713 1503 cum
1740 1465 1850 1509 Gud.

326 1523 421 1575 631.
451 1524 588 1576 rfficio
608 1523 715 1563 Gud.
734 1536 809 1575 pro
837 1536 922 1565 var.
947 1524 1039 1563 leet.
1078 1526 1230 1577 sqsjoicio
1258 1525 1352 1563 Exc.
1386 1527 1520 1566 Burni.

1579 1530 1614 1564 in
1632 1530 1676 1579 f.
1708 1529 1848 1584 vulgg,

218 1598 313 1630 ante
343 1586 451 1627 Pier.
470 1594 510 1625 et
541 1586 693 1635 Heius„
720 1585 789 1638 qui
813 1586 1029 1626 secundum
1060 1588 1174 1626 codd.
1204 1587 1574 1638 sustulit.——632.
1606 1592 1681 1630 Hic
1699 1591 1855 1645 aliquot

134 1670 136 1675 ’
219 1651 344 1699 Piera,
367 1649 434 1690 sed
452 1650 665 1689 baec—dona
693 1649 959 1703 jungendum.
1013 1660 1142 1690 monent
1159 1654 1193 1691 d.
1221 1653 1325 1690 Ven.

217 1715 327 1757 Gud.
349 1727 424 1770 pro
442 1726 525 1754 var.
545 1711 639 1755 1εᾶ.

222 1876 333 1925 591·
383 1865 539 1925 firrea
554 1879 661 1915 vox,
685 1861 809 1908 nulla
827 1861 1001 1909 clamo-

215 1925 284 1980 ris
301 1924 554 1974 intentione
576 1926 729 1972 frasta.

288 1990 564 2053 630-636.
603 1989 808 2036 Plutonis
830 1988 1002 2053 regiam

223 2068 317 2102 non
360 2054 502 2102 intrat
545 2053 710 2102 AEneas
749 2071 856 2100 cum
922 2071 1001 2101 co.

221 2119 353 2175 mite,
371 2118 463 2168 'sed
497 2129 674 2166 tantum
699 2134 724 2164 a
747 2117 906 2165 limine
935 2118 1002 2165 sa-

216 2185 358 2240 1utat,
403 2199 538 2231 aureo
577 2198 703 2231 ramo
742 2182 790 2229 in
823 2182 994 2231 foribus

165 2259 172 2266 ”
222 2247 439 2314 depofito.
507 2246 634 2313 Qid
659 2247 709 2294 in
740 2246 810 2294 his
838 2246 995 2310 sequu-

223 2325 295 2361 tus
314 2311 369 2359 fit
388 2317 543 2376 poeta,
564 2328 657 2358 non
678 2310 837 2375 liquet.
907 2311 996 2357 Re-

223 2377 303 2441 gia
323 2377 404 2425 ista
435 2375 569 2424 habet
591 2392 743 2424 muros
770 2390 903 2423 aereos
927 2377 998 2422 vel

222 2442 407 2490 ferreos,
505 2439 660 2489 Solent
709 2445 861 2504 poetae
913 2440 999 2488 hac

222 2503 487 2555 munitionis
509 2504 697 2553 notione
712 2505 800 2559 uti,
821 2505 956 2552 dueta
977 2522 1003 2552 a

226 2570 384 2618 ferreis
435 2581 481 2617 et
531 2569 712 2617 ferratis
752 2568 914 2632 portis,
957 2581 1004 2619 et

225 2634 437 2682 transsato
463 2633 552 2681 fere
569 2649 703 2697 opere
735 2635 794 2680 ad
832 2632 1004 2681 Vulca-

226 2716 336 2751 num
359 2699 430 2747 vel
447 2699 689 2761 Cyclopes.
756 2697 832 2745 Sic
852 2698 1004 2763 Argo-

226 2780 329 2814 rum
384 2762 556 2811 moenia
610 2779 684 2826 ap.
731 2760 928 2809 Statium
981 2760 1006 2808 Ι

230 2827 385 2877 Theb.
415 2829 533 2888 630,
556 2843 690 2890 quem
723 2826 874 2874 locum
898 2826 1004 2875 Ser-

227 2893 329 2950 vius
347 2892 518 2948 laudat,
537 2904 584 2939 et
615 2891 915 2953 Mycenarum
931 2908 1006 2956 ap.

230 2958 388 3005 Senec.
413 2956 602 3018 Thyest.
627 2957 741 3018 406,
754 2955 851 3004 vid.
868 2954 1005 3004 Waff.

227 3021 290 3075 'ad
344 3020 563 3081 Thucyd.
619 3017 759 3076 VIII,
815 3020 896 3076 26,
960 3030 1008 3068 et

231 3085 390 3135 Schol.
462 3083 623 3158 EuriQ.
692 3083 838 3133 Orest.
891 3088 1007 3148 964·

214 3149 391 3203 *Multo
422 3149 569 3214 magis
588 3161 742 3212 itaque
763 3147 813 3197 in
851 3148 1011 3196 inferis

230 3213 280 3264 h'.
317 3214 352 3263 l·
391 3211 494 3262 sunt
514 3221 670 3265 mania
699 3214 849 3263 edueia
867 3212 1012 3277 Cyclo-

132 3275 135 3278 *
223 3289 329 3342 pum
364 3280 554 3334 caminis,
592 3277 641 3325 h.
677 3292 720 3326 e.
757 3277 876 3327 ferro
904 3276 1012 3326 cuso

230 3354 279 3398 et
321 3340 617 3398 fermmimto
658 3340 708 3389 in
751 3341 1008 3405 Cyclopum

208 3405 423 3461 ¹fabricii
458 3405 613 3466 (Male
653 3405 846 3466 Cerda).
927 3406 1009 3453 ad-

234 3460 354 3533 iverso
390 3466 561 3534 firnic'e
601 3483 767 3536 portas,
821 3482 1011 3531 οξιιὸῑθς

1438 1651 1487 1701 63
1493 1664 1531 1702 3.
1548 1663 1619 1706 per
1649 1671 1678 1692 ο.
1709 1657 1853 1700 locorum

1081 1873 1210 1925 porta
1249 1861 1430 1925 proprie
1452 1861 1552 1925 ipfis
1582 1875 1676 1910 erat
1697 1862 1853 1912 adver·⁴

1080 1926 1145 1980 sa,
1175 1937 1221 1972 et
1254 1943 1305 1972 ea
1336 1926 1518 1989 quidem
1553 1928 1599 1974 in
1629 1928 1853 1974 fornicem

1082 1992 1233 2047 dueta,
1272 2004 1468 2038 arcuata.
1557 1995 1667 2055 629.
1703 1992 1853 2053 perfice

1082 2075 1244 2110 munus,
1278 2055 1335 2102 fic
1352 2055 1558 2118 poeticus
1579 2056 1720 2103 sermo
1742 2057 1850 2111 fertg

1083 2120 1260 2182 proprie
1293 2119 1405 2166 doni
1439 2121 1695 2183 deportatio
1723 2120 1855 2184 perfi-

1076 2184 1293 2231 ciebatur.
1360 2181 1512 2231 Etiam
1547 2185 1604 2231 fic
1629 2202 1736 2232 mox
1759 2185 1849 2249 637

1073 2255 1252 2313 perfec-70
1280 2267 1443 2295 munere
1462 2252 1600 2302 divae‚
1624 2249 1669 2295 h.
1693 2269 1733 2298 e.
1758 2267 1856 2296 mu-

1080 2312 1197 2359 neris
1217 2311 1503 2360 dedicatione
1518 2331 1532 2367 3
1572 2313 1744 2376 alioqui
1765 2334 1856 2361 mu·-

1036 2429 1046 2434 ,
1080 2397 1155 2424 nus
1175 2376 1446 2440 generaliori
1467 2377 1650 2424 notione
1673 2395 1755 2440 pro
1778 2394 1855 2423 ne-

1081 2442 1213 2505 gotio
1232 2454 1278 2488 et
1301 2440 1378 2488 hic
1399 2440 1548 2503 accipi
1569 2443 1712 2504 point,
1738 2454 1786 2488 ut
1805 2441 1855 2489 in

1084 2505 1291 2553 AEneidis
1326 2505 1641 2552 dedicatione:
1673 2507 1725 2553 Si
1754 2507 1859 2554 mihi

1063 2574 1445 2634 susceptumfucrit
1463 2572 1677 2619 decurrere
1697 2591 1857 2620 munus·

1086 2636 1197 2696 632.
1231 2635 1322 2683 haec
1352 2636 1458 2681 dona
1489 2633 1573 2682 int.
1605 2636 1663 2683 de
1694 2635 1856 2682 eodem

1086 2715 1269 2747 munere
1324 2697 1598 2759 Proserpinae
1637 2699 1853 2747 dicando-

1088 2768 1200 2828 635.
1246 2762 1387 2809 Potest
1426 2761 1587 2810 AEneas
1628 2764 1715 2810 hoc
1758 2762 1856 2826 ipso

1087 2843 1214 2875 ramo
1242 2843 1376 2874 aureo
1406 2826 1449 2872 se
1469 2826 1715 2890 adspersisse
1731 2825 1856 2874 vide-

1086 2891 1150 2950 τίς
1190 2891 1240 2939 fit
1281 2890 1401 2938 enim
1440 2890 1660 2954 adspersio
1698 2906 1856 2950 Μανιος

1086 2956 1222 3005 verba
1260 2967 1408 3003 tamen
1450 2953 1516 3001 ita
1553 2956 1737 3003 statuere
1779 2971 1861 3008 nos,

1089 3037 1180 3068 non
1198 3031 1396 3083 cogunt:
1415 3031 1460 3066 et
1479 3033 1711 3084 repugnat,
1733 3020 1857 3083 quod

1121 3101 1174 3131 ro
1211 3084 1336 3131 dono
1372 3099 1522 3134 ramus
1559 3085 1758 3132 affertur.
1793 3084 1858 3140 ct}

1092 3183 1095 3185 >
1134 3148 1280 3197 xcurs.
1320 3147 1407 3196 VJ.
1473 3147 1761 3196 Adumbrara
1794 3164 1862 3198 res

1091 3213 1215 3261 haud
1244 3211 1383 3259 dubie
1415 3228 1473 3259 ex
1508 3227 1564 3261 eo
1605 3212 1716 3268 ritu,
1748 3214 1862 3275 quo,

1090 3277 1172 3340 qui
1195 3277 1360 3340 templa
1382 3275 1567 3332 intrant,
1589 3276 1632 3324 se
1658 3278 1862 3332 lustrant,

1087 3341 1402 3405 ,πεξιρῥαίνονται
1417 3340 1567 3402 3qu0d
1585 3340 1866 3405 purgationi}

1093 3404 1343 3467 symbolum
1363 3404 1508 3457 fuisse,
1542 3404 1676 3452 facile
1697 3403 1866 3453 intelli-

1088 3469 1234 3536 gitur,
1300 3469 1578 3518 Adeuudurn
1615 3482 1760 3518 autem
1780 3469 1864 3517 AE-

1777 3550 1869 3581 neae
