2294 4030
475 268 1044 345 'AENEIDOS,
1097 266 1435 340 mmm.
1654 294 1796 367 205‘

54 483 64 496 .
142 433 429 504 rhetore,
441 431 547 512 qui
572 430 728 498 redit
754 415 1268 501 enviamimumse
1285 436 1533 512 Achilli,
1652 459 1727 521 27
1732 459 1768 525 5

141 545 256 608 Vel
283 547 562 608 Danaum
585 527 1512 634 Phrygiosjaoukssusw-puppibus
1539 553 1731 634 ignis!

145 655 526 737 Squalentem
555 655 828 730 barbam,
849 672 922 727 -et
941 659 1557 741 concretos‘sanguine
1576 666 1777 741 crinis,

139 767 514 847 Vulneraque
531 766 638 832 illa
657 787 885 849 gerenS,
900 771 1288 861 quaegcirpum
1303 773 1561 852 plurima
1575 790 1777 843 muros

139 881 407 963 Adcepit
420 881 664 961 patriOS.
750 883 934 953 Ultro
950 884 1105 955 flens,-
1118 885 1246 965 ipst:
1270 887 1516 951 videbar

143 990 500 1079 conpellare
528 994 748 1069 virum,
777 1009 836 1055 et
864 997 1096 1070 rnaestas
1124 1017 1473 1079 expromere
1499 1022 1671 1065 voces
1690 1028 1709 1067 ε

145 1107 206 1167 Ο
233 1108 337 1168 lux
358 1107 700 1182 Dardaniae,
728 1108 855 1189 spes
884 1130 924 1192 o
948 1109 1219 1179 fidiffima
1238 1111 1560 1187 Teucrum,
1660 1123 1769 1181 281

138 1221 299 1304 Qae
324 1237 507 1284 tantae
528 1238 769 1285 tenuere
794 1246 982 1286 morae
1006 1225 1029 1284 ?
1071 1227 1286 1305 quibus
1302 1228 1541 1290 -Hecstor
1566 1232 1642 1291 ab
1659 1234 1775 1299 oris

68 1365 72 1368 ·
141 1329 497 1417 Exspecstate
522 1338 734 1399 venis?
775 1353 842 1399 ut
869 1353 930 1399 te
955 1340 1088 1419 post
1113 1341 1303 1400 multa
1333 1356 1573 1403 tuorum

139 1452 388 1526 Funera,
413 1453 545 1533 post
570 1454 762 1514 varios
791 1454 1227 1534 hominumque
1253 1455 1530 1536 urbisque
1549 1457 1780 1521 labores

119 1566 360 1638 .Defeffi
386 1568 782 1679 adfpicimus!
827 1589 965 1650 quae
993 1559 1184 1629 cauffa
1210 1545 1457 1649 indigna
1485 1571 1710 1634 serenos

193 1783 294 1824 275.
318 1775 463 1814 exuviis
481 1772 635 1825 aliquot
654 1785 716 1826 ap.
738 1771 848 1814 Pier.
871 1780 912 1812 et
930 1773 1071 1825 Burm.
1129 1773 1289 1828 induflus
1310 1774 1463 1827 aliquot
1482 1774 1590 1827 apud
1614 1782 1773 1815 utrum-

139 1850 239 1890 que.
294 1839 434 1879 Achilli
452 1838 586 1885 Heius.
602 1850 694 1877 cum
707 1837 941 1877 melioribus
958 1837 1082 1877 etiam
1100 1837 1143 1878 h.
1166 1837 1192 1878 l.
1249 1838 1387 1891 Vulgo
1406 1839 1564 1879 Achillis
1585 1846 1624 1877 et
1642 1838 1775 1877 Achil-

140 1901 268 1943 lanes.
289 1902 373 1955 sup.
393 1903 426 1950 I,
449 1913 511 1951 30.
627 1902 719 1952 276.
746 1900 950 1954 jaculatum
985 1901 1111 1943 Goth.
1138 1913 1199 1954 pr.
1311 1912 1402 1952 277.
1430 1913 1464 1941 et
1496 1902 1602 1941 abest
1635 1903 1774 1941 Franc.

139 1977 360 2020 concretoque
376 1978 446 2017 qu.
464 1967 613 2004 Moret.
667 1976 702 2004 et
723 1963 914 2018 concretos.
936 1965 1108 2017 Menag.
1130 1977 1192 2017 pr.
1216 1977 1315 2012 arn.
1332 1966 1424 2013 sec„
1443 1966 1551 2018 quod
1572 1964 1778 2017 vulgarius

140 2027 251 2070 effet.
262 2028 366 2069 conf.
388 2032 524 2069 Burm.
641 2028 730 2079 278.
762 2028 921 2067 Vulnera
936 2028 997 2067 illa
1018 2028 1137 2068 Leid.
1193 2029 1348 2068 vulnera
1367 2041 1400 2069 et
1418 2030 1480 2069 illa
1500 2029 1637 2082 Bigot.
1684 2028 1777 2068 ‹vul-

140 2106 295 2148 ueraque
314 2085 387 2147 ipsa
402 2094 539 2131 Franc.
557 2101 597 2131 et
610 2092 730 2131 Witt.
751 2092 848 2131 Stat.
867 2091 1070 2132 111Theb,
1094 2091 1186 2142 364.
1219 2093 1446 2147 Vulneraque
1462 2094 1524 2146 ista
1531 2094 1654 2146 ferens
1673 2096 1779 2146 putri

93 2153 100 2158 ⁷
139 2157 305 2210 itficcata
326 2170 460 2196 cruore.
572 2154 667 2196 280.
695 2156 853 2201 Incertas
867 2165 948 2210 exp.
972 2155 1117 2208 fragm.
1139 2157 1298 2195 Moret.
1353 2157 1489 2210 moestas
1502 2167 1660 2210 promere
1675 2158 1780 2197 Exc-

142 2210 284 2263 Burm.
299 2230 340 2262 et
349 2223 512 2274 Menag.
529 2220 629 2261 alter
643 2234 666 2260 a
677 2234 732 2262 m.
744 2220 816 2260 sec.
839 2222 905 2260 has
911 2231 1072 2274 promere
1086 2222 1218 2274 Bigot.
1240 2222 1416 2276 ffcndere
1428 2223 1597 2275 Menag.
1614 2235 1672 2274 pr.
1686 2225 1779 2261 Μο-

141 2293 220 2325 ret.
252 2297 320 2337 qu.
374 2283 551 2337 Vulgata
586 2283 642 2323 est
673 2283 779 2336 apud
799 2283 980 2323 Nonium
1001 2284 1042 2322 in
1061 2285 1209 2339 moestas.
1321 2284 1413 2326 281.
1440 2286 1652 2325 Dardanide
1676 2285 1779 2326 alter

142 2339 291 2388 Hamb.
311 2355 354 2387 et
372 2348 510 2386 Franc.
528 2359 621 2387 cum
633 2346 757 2386 Goth.
778 2346 852 2385 sec.
873 2355 913 2385 et
940 2356 1033 2386 tert.
1086 2349 1336 2396 Dardanidum
1356 2348 1507 2401 aliquot
1523 2348 1660 2387 Pierii.
1695 2350 1778 2405 spes

80 2439 90 2447 x
142 2427 163 2455 ο
178 2412 385 2468 fhnHsst'ma
400 2411 530 2452 Schol.
554 2412 706 2465 Cruqu.
725 2410 885 2451 Horatii
917 2412 934 2449 I
964 2414 1044 2451 Sat.
1081 2421 1104 2461 7
1137 2421 1178 2452 et
1198 2413 1256 2451 IV
1277 2412 1355 2451 Od.
1383 2424 1424 2462 5.
1478 2412 1554 2451 Sed
1571 2412 1781 2465 vulgatam

141 2476 267 2515 etiam
292 2475 484 2516 Macrob.
504 2478 563 2514 IV
583 2477 663 2516 Sat.
687 2487 711 2517 2
730 2475 864 2515 habet.
909 2477 1094 2533 fldg‘fficma
1117 2476 1291 2516 scribunt
1310 2477 1424 2516 codd.
1455 2477 1698 2529 antiquiores
1715 2491 1782 2530 ap.

143 2539 340 2589 Pierium,
371 2549 412 2580 et
442 2540 485 2579 in
511 2541 797 2596 unofirmssima
816 2540 882 2580 vel
896 2542 1098 2596 fortiffima.
1211 2540 1302 2589 283.
1331 2557 1430 2596 quem
1457 2552 1490 2580 te
1512 2542 1587 2595 post
1617 2541 1781 2582 Zulich.

144 2605 256 2648 multa
277 2605 412 2644 dierum
445 2604 552 2644 Gud.
581 2617 606 2643 a
634 2617 692 2644 m.
710 2617 770 2657 pr.
820 2605 896 2661 post
915 2616 1016 2644 tanta
1036 2618 1138 2644 unus
1158 2604 1333 2657 Guelph.
1448 2603 1539 2652 284.
1562 2615 1630 2659 per
1655 2607 1782 2645 varios

144 2667 392 2717 Oudart.,ut
409 2665 483 2707 lib.
503 2668 536 2715 Ι,
555 2666 648 2708 628.
699 2668 775 2722 pcfi
789 2669 959 2709 hominum
990 2671 1114 2708 varios
1142 2684 1179 2710 u.
1218 2668 1351 2720 Bigot.
1465 2668 1557 2717 285.
1592 2671 1782 2722 accipimus

143 2733 294 2775 namb,
314 2747 375 2789 pr.
391 2742 432 2773 et
453 2733 578 2773 Goth.
596 2741 690 2783 tert.
705 2729 730 2773 a
748 2746 808 2787 ιιι.
832 2733 909 2778 sec.
963 2735 1015 2773 Et
1035 2733 1164 2788 potest
1182 2732 1409 2789 exquisitius
1443 2732 1589 2775 videri.
1634 2732 1780 2791 severos

144 2799 307 2854 Hugen.
327 2811 350 2839 a
368 2810 424 2838 m.
445 2796 521 2852 sec.

144 2970 282 3020 Iliad.
310 2992 328 3020 ν
349 2971 445 3036 sqq.
462 2981 509 3020 et
526 2992 580 3030 π,
603 2987 689 3022 122
708 2970 774 3020 τοὶ
794 2968 832 3017 δ’
848 2971 926 3031 ’ἕμ-
1004 2970 1149 3026 vium,
1181 2987 1286 3019 cum
1339 2968 1560 3017 extinGus
1607 2965 1782 3015 Hefior

146 3040 277 3097 βαλον
297 3039 518 3099 ἀκάματοι
539 3045 621 3101 vrbe
646 3036 728 3087 Νηῖι
767 3036 924 3101 θοῇ-η
1004 3036 1120 3083 male
1135 3035 1193 3082 ab
1204 3034 1392 3084 Achivis
1404 3030 1784 3084 habereturIliad.

145 3114 338 3151 concretos
341 3105 433 3163 san
461 3110 557 3151 uine
576 3106 722 3158 crines,
751 3101 927 3148 foedum
1010 3122 1070 3166 χ,
1092 3103 1201 3163 369.

147 3165 354 3229 quidem,
430 3166 505 3213 ed.
529 3166 654 3230 quod
696 3166 927 3213 horrorem
1074 3162 1345 3212 282—286.
1428 3160 1565 3234 Qafi
1622 3159 1782 3209 imme-

147 3245 242 3277 non
262 3228 411 3277 minus
429 3245 564 3294 quam
595 3229 927 3278 miserationem
1007 3244 1108 3276 mor
1130 3226 1262 3275 caedis
1298 3225 1524 3280 Hestons,
1563 3241 1666 3271 eum
1698 3225 1784 3271 ob-

146 3293 298 3342 facere
337 3306 490 3367 queat.
570 3294 713 3342 Porro
740 3294 925 3350 «vulnera
999 3294 1175 3357 jurgat,
1211 3289 1335 3355 quod
1362 3303 1453 3336 tam
1487 3288 1567 3335 diu
1589 3287 1787 3361 abfuerit

146 3357 339 3408 omnino
356 3374 407 3406 ιιι
426 3357 590 3424 pugnis
611 3375 714 3407 cum
733 3357 926 3406 Achivis
1004 3370 1050 3404 et
1087 3372 1206 3403 nunc
1249 3355 1429 3401 demum
1466 3354 1523 3400 ad
1560 3353 1786 3400 auxssium
1864 3367 1867 3372 “

143 3421 277 3483 fastis
295 3435 497 3489 accepta,
513 3438 623 3489 norb
642 3433 711 3492 ut,
725 3439 799 3492 ap,
822 3422 923 3479 Ser-
1004 3419 1220 3491 Trojanis
1267 3417 1504 3482 fereadum
1556 3416 1791 3489 adveniat.

1628 3479 1785 3539 Euam
