2372 4030
530 442 610 506 74
771 422 841 484 P.
909 408 1388 483 VIRGILII
1455 418 1957 480 MARONIS

531 596 673 677 Qo
698 592 980 673 primum,
1000 591 1209 672 jae'cati
1236 579 1410 650 undis
1438 602 1497 649 et
1524 588 1785 666 turbine&
1808 584 1988 646 Poeni

529 713 814 774 Effodere
843 712 974 771 loco
1003 712 1259 791 fignum,
1286 707 1447 787 quod
1475 706 1635 787 regia
1660 706 1821 783 Juno

534 827 917 899 Monstrarat,
943 839 1123 905 caput
1151 823 1299 883 acris
1327 822 1464 902 equi
1486 850 1503 890 ;
1546 820 1626 880 fic
1651 841 1792 880 nam
1818 819 1942 879 fore
1966 816 2126 877 bello

531 936 880 1020 Egregiarn,
897 953 955 998 et
973 939 1211 998 facilem
1229 937 1388 997 victu
1406 958 1513 1018 per
1529 936 1741 997 saecula
1758 950 2022 1016 gentem.
2046 945 2160 1014 445

534 1054 661 1115 Hic
690 1055 986 1133 templum
1013 1052 1233 1130 Junoni
1260 1052 1467 1132 ingens
1497 1050 1741 1110 Sidonia
1767 1048 1932 1110 Dido
1974 1069 1978 1072 ·

539 1164 865 1239 Condebat,
893 1167 1062 1227 donis
1091 1167 1444 1248 opulentum
1472 1179 1531 1225 et
1555 1165 1801 1225 numine
1826 1164 1985 1224 divae
2008 1184 2025 1224 τ

537 1333 754 1374 auctoritas
772 1335 813 1374 in
834 1334 1044 1383 Sewianis,
1074 1344 1113 1375 et
1131 1334 1248 1375 latius
1277 1335 1320 1374 in
1351 1334 1578 1388 Pomponio
1608 1333 1771 1383 Sabino,
1794 1332 1885 1373 satis
1903 1340 1989 1373 erat
2012 1330 2177 1386 gravis3

537 1398 750 1438 accedebat
772 1400 913 1438 Codex
932 1398 1134 1439 Montalb.
1155 1408 1195 1438 et
1214 1399 1320 1438 inter
1337 1401 1529 1438 Burman.
1546 1398 1662 1438 codd.
1682 1397 1817 1451 Bigot.
1832 1406 1872 1436 et
1886 1405 1982 1436 tert.
2004 1394 2174 1436 Mente}-

538 1476 564 1502 a
583 1474 638 1501 m.
670 1462 742 1501 sec.
774 1462 910 1514 Vulgo
944 1463 1075 1502 umbra.
1188 1473 1283 1511 443·
1309 1463 1452 1514 fftdere
1483 1460 1624 1499 vitiose
1649 1462 1745 1500 Exc.
1770 1461 1907 1500 Burm.
1963 1459 2177 1513 locumstgm

539 1525 606 1566 ed.
622 1526 726 1564 Ven.
749 1538 811 1577 ap«
832 1525 1034 1565 Maittair.
1087 1540 1149 1576 quo
1169 1540 1189 1562 r
1211 1525 1258 1577 J.
1281 1523 1398 1563 Leid.
1421 1532 1461 1562 et
1477 1521 1586 1561 Voff.
1696 1535 1790 1570 444.
1821 1522 2047 1576 Morgstmbat
2062 1519 2174 1559 Gud.

542 1587 707 1630 zulich.
733 1590 868 1626 Graev.
937 1589 1139 1641 motgstravit
1160 1585 1361 1625 Montalb.
1386 1594 1426 1624 et
1451 1584 1596 1625 Hamb.
1631 1584 1745 1624 alter.
1800 1585 2000 1639 monstraret
2028 1582 2175 1635 fragm.

539 1656 692 1693 Moret.
733 1652 873 1704 fignam
898 1651 964 1701 (ex
968 1651 1025 1703 stc
1050 1653 1155 1700 nam)
1179 1658 1218 1688 et
1239 1648 1287 1689 ab
1322 1648 1390 1687 alt.
1421 1661 1543 1687 manu
1555 1648 1696 1702 sgnum
1720 1647 1896 1689 Gudian.
1936 1648 2078 1700 fignum
2096 1655 2179 1686 tres

539 1717 592 1756 al.
612 1729 671 1767 ap.
700 1716 837 1754 Burm.
861 1723 899 1753 et
917 1715 1001 1766 jam
1022 1727 1083 1766 ap.
1105 1712 1499 1760 Pierium.——445.
1503 1712 1652 1763 facilem
1671 1715 1784 1751 viam
1802 1710 1907 1763 conj.
1923 1709 2022 1750 olim
2036 1711 2177 1753 Burm-

539 1783 593 1823 ad
607 1780 699 1818 Val.
720 1779 778 1818 Fl.
805 1781 878 1826 VI,
900 1790 995 1829 323,
1021 1779 1087 1818 sed
1111 1782 1207 1817 vim
1237 1778 1379 1817 eodem
1398 1777 1509 1817 sensu
1529 1777 1653 1830 accipi
1686 1776 1793 1831 posse
1826 1777 1877 1816 ad
1895 1776 1937 1815 h.
1963 1775 1991 1816 l.
2014 1776 2179 1820 fatetur.

540 1845 650 1885 Effet
670 1853 805 1884 tamen
825 1843 997 1882 alterum
1016 1843 1249 1895 elegantius.
1307 1841 1479 1889 Turbas,
1501 1841 1554 1898 ,de
1575 1841 1718 1893 quibus
1733 1841 1775 1880 in
1795 1842 1887 1882 Exc.
1910 1842 1962 1880 ad
1975 1840 2017 1880 h.
2037 1854 2077 1881 v.
2097 1843 2181 1896 egi,

542 1910 639 1952 fecit
658 1909 699 1947 in
728 1909 801 1946 hac
821 1907 966 1955 forma,
990 1908 1097 1960 quod
1121 1915 1348 1959 permutata
1367 1905 1444 1945 fuit
1463 1918 1554 1945 cum
1573 1905 1696 1946 altera
1714 1905 1797 1954 illa,
1824 1905 1930 1958 quafi
1936 1908 2065 1958 facilis
2080 1910 2180 1947 vio‘t’u

545 1972 644 2014 effet
672 1971 826 2011 dietum
846 1985 890 2010 ac
897 1973 1026 2022 facilis
1059 1973 1153 2023 visu,
1179 1974 1309 2017 auditu,
1330 1973 1473 2022 cognitu.
1493 1969 1661 2008 dunum
1692 1983 1850 2023 quoque
1876 1969 1977 2009 illud
2008 1970 2131 2011 modo
2155 1984 2181 2011 a

543 2043 679 2086 vivere,
706 2036 827 2075 modo
856 2050 880 2075 a
913 2040 1047 2077 vincere
1061 2048 1074 2074 .·
1103 2035 1208 2075 unde
1227 2034 1304 2074 fuit
1325 2034 1387 2074 vir
1407 2034 1561 2082 doetus,
1588 2034 1656 2086 qui
1674 2037 1769 2073 baud
1770 2037 1918 2087 facilem
1937 2038 2034 2074 vielu
2056 2037 2181 2077 corri-

548 2111 678 2156 geret.
734 2101 811 2140 Sed
830 2103 929 2140 vich
947 2104 1074 2154 facilis
1095 2100 1320 2140 ducendum
1341 2107 1425 2141 erat
1445 2113 1492 2138 ex
1510 2103 1622 2137 vibius
1635 2101 1776 2153 facilis.
1833 2099 1918 2154 Qi
1937 2099 2091 2140 νὶἂῑιπι
2109 2101 2182 2143 ha-

543 2167 613 2208 bet
634 2164 808 2213 facilem,
834 2164 867 2204 is
886 2167 1101 2216 viblufacili
1118 2165 1190 2218 ff,
1217 2172 1258 2202 et
1283 2161 1509 2215 exquifitius
1515 2165 1644 2215 facilis
1672 2166 1769 2202 vidia
1786 2162 1852 2202 vel
1874 2166 1988 2202 viflus
2020 2164 2179 2207 dicitur.

548 2233 659 2269 Gens
677 2232 789 2267 viffiui
795 2230 922 2281 facilis
943 2229 1090 2267 iterum
1124 2227 1324 2267 diversum
1357 2226 1453 2279 quid
1482 2226 1719 2280 defignaret,
1748 2236 1794 2267 ut
1814 2227 1880 2267 vel
1903 2229 2087 2283 exemplo
2120 2230 2185 2273 in·

549 2292 735 2346 telligas:
765 2307 848 2346 ager
861 2295 978 2346 pecori
984 2293 1126 2346 facilis,
1153 2290 1221 2346 qui
1238 2290 1437 2345 praeclaris
1462 2290 1540 2332 suis
1556 2290 1706 2345 pascuis
1721 2305 1840 2346 pecus
1855 2292 1971 2334 facile
1987 2292 2072 2336 alit.

1403 2421 1611 2470 habitura
1650 2423 1753 2472 effet
1794 2424 1962 2474 vietum
2003 2425 2186 2478 facilem

540 2433 586 2470 et
623 2422 810 2486 quidem
844 2443 885 2471 eo
918 2430 962 2470 in
997 2423 1092 2478 loco,
1123 2442 1196 2487 quo
1216 2439 1322 2486 por-

1404 2501 1448 2535 et
1488 2487 1765 2551 expeditum,
1797 2507 2020 2538 annonam
2058 2492 2186 2540 afflu-

540 2498 718 2533 tentum
760 2487 830 2534 'se
883 2487 1107 2535 obtulerat
1160 2500 1323 2535 terram

539 2550 843 2606 fodientibus,
907 2565 1042 2616 caput
1087 2552 1323 2617 equinum,

540 2633 627 2681 pro
644 2616 793 2664 omine
814 2629 1062 2680 acceptum.

608 2697 721 2744 443.
764 2683 956 2745 Szgrnum,
987 2698 1120 2728 omen
1159 2682 1324 2731 intelli-

544 2762 670 2811 gam.
755 2748 973 2810 Ostentant
1021 2760 1144 2810 caput
1192 2751 1330 2813 ‘ff'ffi

543 2812 693 2877 telltgre
729 2824 930 2873 repertum
963 2809 1184 2860 Bellatoris
1219 2821 1327 2878 equi,

543 2891 670 2940 atque
711 2890 845 2926 omen
894 2874 1069 2923 clamore
1107 2877 1328 2941 salutant,

545 2941 685 2987 Silius
721 2939 788 2996 II,
822 2957 930 3003 411.
965 2940 1183 2991 servatum
1220 2940 1327 2990 inde

541 3004 595 3054 in
665 3004 812 3053 numis
888 3004 1328 3069 Carthaginienssum

543 3076 640 3135 equi
658 3083 797 3133 caput.
818 3087 863 3117 v.
886 3084 930 3117 e.
956 3069 1141 3115 Raschii
1166 3069 1324 3120 Lexic.

545 3134 802 3187 numismat.
819 3150 920 3182 voc.
940 3133 1173 3198 Carthago.
1211 3134 1325 3183 Poe-

543 3210 636 3246 tam
661 3197 850 3262 agnosce
872 3198 919 3244 in
941 3198 1048 3255 hoc,
1081 3199 1203 3261 quod
1233 3215 1326 3247 non

541 3262 803 3326 fimpliciter
860 3262 1111 3318 inventum,
1167 3263 1242 3311 sed
1297 3283 1328 3313 a

539 3327 716 3436 Z‘unone
776 3331 1052 3389 morstratum,
1101 3326 1327 3391 objeffium

564 3391 840 3447 odientibus,
886 3403 1052 3442 narrat.
1120 3393 1189 3444 Sic
1229 3413 1327 3444 nam

544 3457 629 3516 (ex
664 3472 766 3502 voe.
793 3457 998 3522 fignum)
1028 3455 1325 3521 portendeba-

541 3530 637 3574 tur,
670 3519 770 3565 fore
807 3520 970 3567 Poenos
1044 3532 1194 3571 entem
1230 3521 1325 3568 bel-

540 3582 728 3635 licosam
762 3583 845 3648 (cf.
882 3584 970 3635 inf.
992 3536 1214 3652 lil,1539
1236 3585 1322 3649 sq.)

536 3657 586 3700 'et
605 3647 790 3716 facilem
817 3656 956 3707 vida,
987 3648 1076 3701 hoc
1116 3650 1198 3710 est,
1229 3667 1328 3719 quae
1358 3686 1364 3693 ·

1401 2564 1550 2601 entem
1582 2568 1638 2599 ex
1673 2570 1883 2617 agrorum
1921 2556 2120 2606 ubertate
2137 2568 2189 2606 et

1403 2617 1548 2665 cultu.
1616 2618 1687 2664 De
1739 2619 1827 2669 hoc
1882 2637 1932 2670 v.
1991 2619 2185 2672 Excurs-

1406 2680 1531 2729 XIV
1552 2683 1610 2728 ad
1631 2681 1678 2730 h.⁴
1701 2701 1747 2732 V.

1470 2750 1584 2810 446.
1618 2746 1667 2794 ‘T
1659 2748 1832 2811 emplum
1873 2750 1988 2798 donis
2024 2750 2187 2814 opulen-

1407 2823 1494 2861 tum
1526 2825 1567 2858 et
1598 2820 1762 2859 numine
1791 2816 1929 2863 divae.
1993 2817 2101 2864 dona
2129 2815 2189 2863 de

1405 2875 1537 2931 vafis,
1578 2875 1834 2926 utensilibus
1882 2890 2068 2943 totoque
2109 2895 2188 2944 ap-

1406 2951 1560 3003 paratu
1604 2940 1728 2988 sacro
1766 2941 2007 3009 intelligo:
2042 2964 2188 2992 numen

1406 3020 1511 3050 cum
1547 3005 1703 3052 Servio
1735 3006 1912 3071 accipio
1931 3007 1990 3055 de
2009 3006 2189 3057 fimula-

1407 3084 1485 3115 cro
1507 3069 1602 3116 deae
1621 3085 1677 3117 ex
1700 3087 1809 3117 auro
1829 3071 1972 3120 aliave
1992 3073 2188 3135 pretiosa

1405 3134 1589 3180 materia
1634 3134 1773 3191 fano,
1823 3135 1948 3199 quod
1995 3138 2044 3184 τὸ
2090 3149 2189 3201 opu-

1404 3196 1558 3247 lentum
1590 3199 1808 3263 postulare
1838 3200 2019 3248 videtur
2029 3221 2044 3259 3
2082 3205 2187 3262 (nec

1405 3272 1556 3309 tamen
1598 3263 1657 3310 fic
1701 3284 1851 3314 numen
1883 3266 1961 3326 ⁴est
2009 3265 2188 3314 fimula-

1406 3342 1554 3383 crum,
1607 3326 1682 3377 sed
1731 3349 1882 3379 numen
1930 3331 2052 3376 divae
2101 3346 2188 3394 pro

1405 3392 1536 3447 diva,
1576 3402 1620 3438 et
1663 3393 1758 3442 haec
1803 3394 1862 3443 ad
1901 3393 2188 3443 fimulacrum

1406 3454 1630 3518 refertur.)
1697 3457 1800 3505 Alii
1836 3477 1984 3507 numen
2020 3474 2076 3506 eo
2118 3474 2189 3507 re-

1404 3519 1572 3576 ferunt,
1625 3533 1675 3569 ut
1715 3522 1914 3569 numinis
1953 3521 2191 3586 praesentia·

1405 3583 1638 3635 horrorem
1667 3586 1937 3634 intrantibus
1974 3585 2189 3650 incutiat,

1406 3649 1533 3718 quod
1580 3650 1861 3704 Burmannus
1903 3650 2049 3705 malit.
2111 3650 2187 3705 Ita

2076 3730 2186 3767 vem
