2294 4030
475 383 608 465 “760
724 374 791 433 P.
851 363 1320 434 V1RG1L11
1390 328 1899 429 MARo‘Nm

494 539 823 621 Imperium
850 535 1034 605 terriS,
1060 531 1287 591 animos
1314 529 1575 609 aequabit
1600 529 1914 612 Olympos

495 664 846 741 Septemque
870 674 986 715 una
1013 650 1120 710 fibi
1150 662 1323 708 muro
1350 643 1750 711 circumdabit
1776 626 1957 736 arceS,

492 778 662 840 Felix
684 745 847 855 prole
877 771 1063 829 virum
1089 788 1102 824 t
1132 764 1321 844 qualis
1352 763 1700 843 Berecyntia
1729 781 1922 827 mater
2001 771 2074 848 78
2082 783 2113 848 5

496 891 799 952 Invehitur
827 906 997 944 curru
1029 879 1314 959 Phrygias
1341 879 1549 937 turrita
1573 899 1682 958 per
1707 881 1890 954 urbis,

496 1005 665 1064 Laeta
690 1000 864 1058 deum
889 1010 1080 1075 partu,
1105 1006 1347 1052 centum
1376 989 1669 1068 conplexa
1693 1002 1960 1070 nepoteS,

498 1117 704 1177 Omnis
734 1112 1056 1182 coelicolaS,
1085 1107 1278 1173 omnis
1309 1105 1515 1184 supera
1542 1106 1660 1165 alta
1684 1106 1958 1167 tenentis.

494 1232 635 1291 Huc
664 1227 928 1307 geminas
957 1241 1110 1280 nunc
1142 1221 1307 1279 fledte
1321 1218 1474 1279 acies
1496 1243 1508 1278 ε
1532 1219 1683 1280 hanc
1711 1220 1949 1301 adspice
1971 1243 2122 1303 gen..

733 1364 874 1417 tem,

500 1457 906 1536 Romanosque
931 1472 1081 1515 tuos,
1170 1455 1293 1515 Hic
1325 1454 1541 1527 Caesar,
1571 1471 1629 1515 et
1656 1455 1850 1515 omnis
1871 1457 1987 1520 Iuli
2010 1478 2128 1541 790

496 1577 827 1657 ProgenieS,
856 1593 1141 1652 magnum
1170 1572 1312 1631 coeli
1343 1586 1583 1630 ventura
1612 1570 1717 1650 sub
1743 1593 1936 1634 axem.
2019 1588 2021 1593 ’

554 1742 643 1792 783.
671 1757 775 1781 annos.
795 1740 896 1794 conj.
922 1741 1203 1786 Heumannus;
1232 1749 1376 1789 nempe
1409 1735 1499 1789 quia
1529 1745 1678 1776 aeterna
1707 1737 1842 1775 Roma
1872 1733 1994 1776 dieta.
2053 1734 2136 1774 Sed-

497 1821 637 1860 parum
668 1807 784 1844 suave
813 1804 867 1843 est
900 1803 1027 1842 illud:
1059 1818 1163 1842 annos
1182 1816 1330 1855 aequare
1351 1802 1506 1856 Olympo,
1532 1809 1577 1839 ut
1602 1813 1653 1839 ne
1681 1799 1754 1840 nifi
1792 1813 1885 1840 cum
1915 1798 2002 1853 ipso
2031 1799 2130 1840 caelo

497 1880 645 1925 pereat.
690 1872 901 1924 famamque
932 1868 1074 1906 melius
1100 1869 1163 1919 Jo.
1201 1865 1408 1905 Schrader.
1469 1868 1528 1905 At
1558 1865 1714 1904 animos
1736 1863 1856 1904 celsos
1882 1873 1923 1904 et
1955 1862 2031 1903 diis
2048 1863 2134 1903 vir·

499 1942 585 1973 tute
623 1947 735 1986 pares
766 1931 927 1979 habere,
957 1944 1035 1983 qua
1071 1929 1122 1968 ad
1159 1928 1301 1968 caelum
1339 1927 1510 1968 educant
1547 1941 1711 1976 nomen,
1739 1927 1932 1984 generosa
1968 1941 2033 1968 res
2061 1928 2133 1970 est.

499 2000 688 2053 animosque
715 1997 834 2036 Witt.
894 1997 1054 2050 a’quabit
1085 1993 1257 2034 Mentel.
1298 2007 1321 2032 a
1353 2006 1409 2032 m.
1444 2007 1506 2046 pr.
1564 1995 1611 2033 In
1642 1992 1771 2034 Servii
1801 2003 1899 2034 nota
1928 1993 2134 2048 subjungi-

500 2074 565 2103 tur
587 2064 635 2101 ad
654 2062 758 2100 hunc
781 2060 934 2098 versum
952 2073 962 2098 τ
993 2062 1052 2099 De
1071 2061 1131 2098 hoc
1150 2069 1268 2098 autem
1286 2057 1354 2097 loco
1372 2069 1405 2096 et
1424 2057 1564 2111 ‘Trogus
1584 2068 1617 2095 et
1635 2057 1773 2096 Probus
1789 2070 1973 2112 quarunt.
2019 2057 2134 2113 Qid

499 2127 598 2166 illud
617 2126 751 2172 fuerit,
777 2124 884 2176 qu‘od
912 2132 1153 2176 quaererent,
1176 2135 1257 2160 non
1287 2120 1481 2173 assequor.
1540 2121 1679 2174 Trogus
1708 2131 1844 2161 autem
1872 2121 1948 2162 efl'e
1974 2121 2136 2163 videtur

500 2190 712 2242 Pompeius
728 2189 980 2227 historiarum
1000 2185 1312 2238 Philippicarum
1333 2184 1532 2232 conditor,
1557 2197 1679 2237 quem
1699 2184 1740 2224 in
1772 2186 2008 2240 Virgilium,
2025 2189 2137 2242 cujus

498 2253 581 2294 fere
613 2254 774 2307 aequalis
799 2252 909 2292 fuiffe
930 2253 1062 2300 debet,
1087 2259 1403 2290 commentatum
1423 2249 1515 2297 effe,
1540 2250 1652 2290 nulla
1669 2249 1830 2291 aliunde
1861 2252 1916 2292 est
1948 2253 2130 2308 suspicio.

499 2319 706 2358 Laudatur
724 2317 885 2369 quidem
899 2317 1061 2369 Trogus
1081 2329 1103 2354 a
1123 2315 1261 2354 Servio
1280 2314 1336 2354 ad
1355 2316 1450 2353 AEn.
1470 2315 1538 2359 111,
1559 2313 1650 2354 108.
1688 2316 1758 2364 lv,
1773 2327 1839 2367 37,
1857 2316 1924 2356 sed
1942 2330 1990 2357 ex
2013 2317 2140 2360 histo-

502 2382 583 2421 riis.
641 2385 757 2420 Forte
791 2381 868 2433 leg.
891 2383 1068 2434 Hyginus.
1179 2379 1269 2430 784.
1301 2379 1526 2419 circumdedit
1543 2378 1644 2418 alter
1661 2378 2008 2432 Hamb.—-786.
2035 2385 2133 2426 Phr.

502 2448 598 2486 itura
621 2446 777 2484 Zulich.
889 2444 980 2496 789.
1011 2446 1193 2498 hucfleeffe
1212 2441 1289 2485 Ge'.
1319 2443 1519 2482 Fabricius
1547 2443 1722 2484 malebat
1749 2452 1789 2484 et
1822 2445 1970 2493 Corda,
1998 2456 2046 2487 ut
2071 2461 2136 2488 re-

503 2510 694 2565 petitione
714 2509 905 2548 excitetur
924 2508 1093 2547 animus.
1150 2507 1225 2546 Sed
1243 2507 1490 2547 constantem
1509 2506 1707 2547 librorum
1725 2506 1943 2549 letitionem
1972 2522 2138 2551 revoca-

505 2576 566 2615 vit
585 2573 789 2621 Heinfius;
817 2572 888 2612 nisi
908 2573 1014 2625 quod
1033 2573 1123 2613 modo
1128 2573 1182 2625 fl.
1206 2585 1271 2625 qu.
1295 2574 1444 2612 Moret.
1497 2572 1604 2611 Mox
1622 2571 1747 2627 respice
1762 2571 1928 2626 Hugen.

508 2737 724 2783 condetur
746 2735 917 2784 Roma!
955 2734 1201 2798 Imperium
1221 2736 1280 2782 ad
1360 2735 1653 2783 Aflimulatur
1693 2734 1862 2793 Roma,
1915 2753 2016 2800 quae
2068 2748 2140 2786 tot

507 2814 724 2847 terrarum
757 2801 861 2847 fines
880 2801 1094 2864 proferet,
1114 2799 1282 2846 virtute

508 2875 553 2911 et
566 2865 928 2929 magnanimitate
945 2862 1170 2928 superabit
1183 2880 1281 2911 om·

509 2945 587 2976 nes
629 2929 852 2978 mortales,
930 2928 1134 2976 Obvium
1173 2925 1283 2986 hoc,

510 3005 555 3039 et
577 2991 734 3040 fimilia
756 2993 915 3041 Romae
928 2991 1150 3058 praeconia
1163 2992 1283 3055 apud

510 3069 678 3105 veteres
708 3059 918 3122 congeffit
942 3059 1083 3105 multa
1106 3056 1281 3112 Cerda;

501 3122 647 3169 ,etiam
661 3123 716 3169 de
728 3123 890 3185 septem
905 3122 1096 3169 collibus
1115 3121 1286 3184 (Doeta

512 3185 754 3251 Pomponii
778 3187 882 3234 Sab.
913 3188 970 3233 ad
989 3204 1034 3233 v.
1063 3190 1157 3251 784
1179 3199 1286 3233 nota

514 3269 570 3300 ex
610 3252 800 3315 Dionys.
838 3251 996 3298 Halic.
1042 3251 1286 3299 Plutarcho

514 3317 563 3363 in
602 3317 800 3364 Romulo
831 3330 876 3362 et
913 3315 1038 3362 Festo
1071 3316 1119 3362 in
1154 3317 1288 3363 Roma

514 3381 735 3445 descripta
754 3382 851 3440 est).
903 3385 960 3443 78
968 3383 1170 3444 5—788.
1189 3381 1288 3426 Au-

513 3450 638 3514 gusta
659 3447 813 3509 imago
834 3445 1026 3507 Cybeles
1041 3461 1120 3507 per
1143 3443 1286 3508 Phry-

510 3513 639 3576 giam
675 3510 857 3558 invec'tae
902 3512 980 3571 (ex
1015 3509 1105 3556 ritu
1142 3508 1288 3556 sacro-

516 3581 657 3640 rum),
694 3592 794 3641 quae
832 3574 892 3622 est
930 3572 1080 3620 Deum
1115 3571 1286 3623 Mater.

1361 2817 1548 2865 magnos
1585 2817 1636 2847 ac
1667 2799 1850 2848 divinos
1873 2800 1993 2849 viros
2013 2802 2138 2851 tulit.

1362 2863 1487 2912 Nam
1526 2865 1584 2912 de
1621 2863 1794 2912 divinis
1824 2864 2070 2913 honoribus
2091 2868 2141 2915 in

1361 2928 1560 2976 Caesares
1580 2927 1741 2976 delatis
1759 2946 1850 2977 non
1873 2929 2038 2994 agitur.
2058 2937 2141 2994 su-

1354 3007 1463 3057 pera
1481 2993 1575 3040 alta
1595 3007 1789 3051 tenentes,
1810 2993 2107 3045 Homericum
2125 3013 2139 3045 ε

1366 3060 1590 3121 §vega-ara
1611 3058 1778 3118 δώματ’
1799 3063 1982 3124 ἔχοντες.

1431 3126 1701 3189 789-791,
1746 3123 1898 3172 Etiam
1936 3124 2142 3173 ordinem

1366 3203 1512 3235 rerum
1531 3187 1643 3236 facit
1653 3188 1966 3237 admirabilem
1985 3205 2000 3236 τ
2020 3191 2148 3254 quod

1365 3252 1515 3316 primo
1535 3253 1640 3300 loco
1660 3265 1840 3318 gentem
1861 3252 2034 3316 Juliam
2054 3271 2148 3302 me-

1368 3329 1535 3373 morat,
1557 3333 1665 3364 cum
1686 3318 1736 3364 in
1756 3318 1978 3366 Marcello
1997 3319 2147 3367 oratio

1369 3381 1536 3429 summi
1555 3383 1738 3430 affectus
1758 3383 1890 3447 plena
1907 3382 2148 3432 substitura

1369 3444 1438 3493 fit.
1525 3447 1624 3495 Huc
1661 3460 1869 3502 converte>
1890 3447 2016 3496 oculos
2054 3461 2157 3496 etc*

1366 3509 1522 3558 omnia
1540 3526 1645 3559 cum
1661 3509 1903 3561 verborum
1923 3511 2148 3577 dignitate

1367 3574 1552 3624 extulit.
1617 3577 1900 3641 ⁸wmfurasub
1932 3597 2073 3634 axem,
2096 3578 2147 3630 in

1983 3654 2163 3693 Vltamr
