2372 4030
528 382 614 458 64
769 385 845 447 P.
915 334 1400 441 VIRGILII
1466 378 1964 446 MARoN1s

519 546 659 608 'Nos
681 546 867 631 Troja
892 549 1159 631 antiqua,
1181 549 1226 608 fi
1255 549 1470 610 vestras
1498 550 1653 612 forte.
1678 556 1787 632 per
1812 551 1973 613 auris
2054 569 2168 634 375

531 658 740 743 Trojae
768 678 990 724 nornen
1005 661 1107 736 iit,
1132 661 1368 724 diversa
1395 682 1502 744 per
1523 671 1761 746 ‘aequora
1777 657 1983 726 μ’γεὶἲίοε

530 771 835 840 Fortesua
857 776 1101 855 Libycis
1128 776 1445 855 tempestas
1474 776 1708 857 adpulit
1734 780 1874 839 oris,

528 891 676 952 Sum
699 892 834 974 pius
863 892 1100 966 AEneaS,
1124 872 1321 972 raptos
1348 892 1454 973 qui
1482 912 1556 951 ex
1583 891 1749 953 hoste
1771 894 2019 956 Penates

529 1006 722 1067 Claffe
739 1007 891 1067 veho
918 1026 1180 1078 mecum,
1211 1005 1371 1065 fama
1392 1004 1573 1086 >super
1593 1007 1816 1069 aethera
1836 1025 2032 1071 notus,
2056 1027 2176 1093 379

528 1117 771 1179 Italiam
800 1136 1008 1198 quaero
1033 1119 1308 1201 patriam,
1340 1138 1527 1199 genus
1554 1120 1632 1180 ab
1659 1122 1813 1199 Jove
1841 1123 2098 1185 summo,

486 1374 490 1379 ,
526 1318 720 1361 Pieriam.
780 1317 874 1360 1³0st
893 1331 931 1361 v,
953 1328 1034 1370 374
1047 1317 1090 1359 in
1103 1319 1245 1361 Graev.
1264 1320 1351 1361 cod.
1369 1320 1527 1375 spurius
1543 1323 1681 1363 versus
1700 1323 1906 1378 subjeetus
1916 1334 2031 1366 erat:
2053 1327 2180 1382 Qum

523 1384 594 1427 cibi
611 1384 796 1438 nostrorum
803 1384 994 1438 statuatur
1001 1382 1141 1440 summa
1159 1384 1491 1437 laborum—37
1492 1397 1536 1436 5.
1565 1389 1706 1442 Vqstras
1721 1391 1762 1443 fi
1782 1389 1886 1446 forte
1906 1388 2041 1430 Heius.
2066 1402 2179 1429 unus»

524 1486 526 1488 ,
638 1446 731 1498 376.
760 1450 826 1488 init
859 1447 1022 1487 Zulich.
1040 1489 1043 1491 ,
1043 1445 1162 1499 ¹iaz-'1³0³
1181 1461 1284 1488 unus
1298 1462 1362 1502 ap.
1388 1449 1583 1490 Pierium.
1695 1463 1789 1504 377.
1802 1452 1909 1508 forte
1928 1453 2066 1508 Bigot.
2082 1465 2108 1492 a
2123 1465 2183 1493 m.

524 1523 590 1567 pr.
611 1519 651 1550 et
670 1509 722 1550 al.
761 1511 867 1565 forte
884 1510 980 1550 mala
1003 1509 1164 1551 Zulich.
1186 1523 1261 1564 pro
1291 1524 1373 1553 var.
1403 1511 1495 1552 leet.
1551 1514 1711 1568 applicat
1738 1516 1872 1569 Sprot.
1897 1516 2007 1569 quod
2036 1517 2179 1560 Burm.

524 1575 718 1631 praeferre
737 1574 864 1615 malit.
922 1573 1124 1627 Equidem
1142 1575 1229 1615 vim
1249 1590 1294 1616 ac
1314 1576 1511 1617 virtutem
1540 1576 1724 1618 leffionis
1745 1592 1828 1620 non
1849 1579 2181 1634 capim—378.

522 1643 592 1699 qui
605 1652 687 1679 non
711 1639 890 1692 agnoscit
910 1639 1064 1678 Moret.
1086 1651 1153 1692 pr.
1180 1649 1221 1680 et
1239 1641 1330 1681 sane
1350 1641 1581 1681 concinnius
1606 1641 1941 1699 subintelligitur.
1967 1658 2009 1684 v.
2037 1643 2182 1685 Heius.

525 1715 729 1757 0--379-
759 1718 905 1759 aequora
923 1705 1095 1758 Menag.
1113 1717 1176 1759 pr.
1198 1713 1240 1746 et
1257 1705 1332 1747 sec.
1351 1706 1548 1747 Rottend.

526 1942 576 1992 in
618 1943 689 1992 his
730 1944 979 1999 occultare,
1018 1953 1189 2009 tegere,
1238 1944 1317 2001 est,

526 2011 728 2074 adeoque
770 2009 952 2074 exigere
984 2008 1125 2065 diem,
1163 2010 1312 2057 donec

526 2074 597 2122 sol
617 2073 855 2122 occiderit.

593 2156 649 2204 37
658 2155 863 2204 5—377.
930 2138 1063 2202 ‘Troja
1112 2142 1308 2203 antiqua,

524 2205 756 2270 epitheton
771 2221 875 2251 curn
895 2203 1064 2251 dileetu
1113 2204 1273 2251 ofitum
1293 2224 1307 2260 3

524 2280 653 2317 tanto
696 2269 860 2316 clarior
900 2268 1022 2315 urbis
1086 2284 1186 2315 arna
1226 2269 1310 2315 esse

523 2334 680 2390 debet,
718 2350 810 2397 quo
847 2332 1076 2396 antiquior
1116 2332 1196 2379 illa
1232 2333 1308 2381 est.

508 2401 645 2464 siper
663 2418 794 2446 auras
814 2406 881 2454 iit,
893 2397 1086 2444 variavit
1101 2397 1308 2460 vulgare:

524 2465 556 2511 fi
579 2462 783 2526 pervenit
801 2465 859 2509 ad
877 2479 1002 2509 aures
1024 2463 1197 2509 vestras.
1241 2465 1307 2509 di-

522 2533 649 2589 veffa
685 2547 872 2592 aequora,
917 2527 1060 2589 fimpl.
1105 2527 1193 2573 alia
1233 2527 1306 2574 via

524 2605 660 2657 quam
695 2609 783 2655 qua
803 2591 889 2637 iter
908 2592 1202 2654 parabamus3
1251 2608 1308 2638 ex

522 2658 645 2705 illis:
683 2655 834 2705 Οῗκαδε
869 2658 1028 2713 ἱέμενοι,
1057 2658 1187 2707 ἄλλην
1207 2655 1306 2711 ὁδὸν,

521 2725 643 2771 ἄλλα
680 2721 856 2771 κέλευθοι
889 2720 1117 2780 ’Ἡλθομεω
1203 2735 1307 2769 tem-

512 2792 649 2852 pestas
661 2788 841 2851 appulit,
864 2787 970 2850 δεῖ-ξω
993 2792 1154 2836 πέλασε
1175 2792 1304 2844 κῦμα.

504 2859 627 2918 sorte
641 2857 748 2914 sua,
771 2853 894 2908 casu,
917 2852 1096 2917 qualem
1118 2853 1304 2914 tempes-

519 2929 586 2966 tas
610 2919 765 2964 afferre
788 2917 912 2966 solet.
960 2915 1139 2965 Habuit
1156 2915 1204 2962 in
1218 2916 1305 2974 his,

520 2999 657 3046 quam
680 2982 952 3045 sequeretur,
975 2983 1111 3045 poeta
1135 2981 1303 3028 oratio-

524 3064 631 3094 nem
675 3046 841 3109 Ulyffis
874 3046 933 3094 ad
975 3045 1304 3112 Polyphemum

517 3112 618 3161 Od.
644 3135 676 3168 ι,
703 3129 727 3160 2
733 3114 793 3176 59
817 3109 914 3176 sqq.

587 3183 697 3242 378.
751 3177 853 3224 Sum
885 3185 983 3239 pius
1024 3177 1213 3225 AEneas.
1258 3193 1302 3223 V.

518 3239 636 3289 Exc.
659 3242 716 3289 ad
735 3240 783 3288 h.
804 3258 848 3288 v.
861 3248 958 3305 pius
974 3242 1035 3289 est
1052 3239 1304 3305 religiosus,

519 3306 739 3374 quoniam
795 3306 952 3353 omnia
1011 3306 1070 3354 ad
1112 3305 1304 3352 deorum

515 3371 700 3419 oracula
719 3369 985 3435 exsequutus
1001 3373 1077 3419 est.
1142 3367 1304 3433 Itaque

513 3438 668 3498 fastum
689 3432 816 3482 dixit
840 3434 1004 3484 Horat.
1027 3435 1088 3483 C.
1129 3433 1178 3483 S.
1219 3452 1300 3497 42.

516 3499 716 3553 Penates.
759 3515 806 3546 v,
840 3499 924 3548 lib.
958 3499 1026 3558 II,
1052 3515 1142 3565 293
1165 3509 1212 3546 et
1242 3499 1302 3546 ad

517 3581 561 3623 ς.
584 3564 616 3611 l.
639 3562 757 3613 EXC.

582 3630 695 3709 389.
731 3626 950 3679 Fabulam
982 3633 1126 3694 po'eta
1156 3628 1302 3694 sequi-

1659 1709 1752 1759 380.
1782 1717 1824 1750 et
1843 1717 1936 1751 ante
1959 1724 2073 1765 genus
2099 1709 2180 1750 sus-

2072 1772 2170 1813 tulit

1399 1955 1491 2003 tur,
1525 1963 1613 2009 qua
1636 1945 1874 1996 Dardanus
1906 1963 1932 1995 a
1971 1947 2183 2011 Corytho

1399 2009 1643 2073 'Tyrrheno
1675 2028 1818 2076 genus
1860 2014 2025 2060 ducere
2066 2013 2181 2061 sere-

1377 2073 1549 2131 batur,
1593 2093 1698 2124 cum
1741 2077 1978 2140 Corythus
2022 2076 2182 2126 Samo-

1394 2139 1622 2189 thracicus
1670 2141 1720 2188 in
1758 2157 1862 2188 eum
1899 2142 2003 2189 effet
2039 2142 2181 2189 trans-

1393 2203 1508 2253 latus
1546 2205 1841 2254 similitudine
1881 2206 2096 2254 nominis.
2133 2223 2180 2256 v.

1394 2268 1506 2317 AEn.
1547 2269 1663 2325 VII,
1708 2287 1799 2336 ²05
1839 2269 1938 2334 sqq.
1983 2288 2076 2335 240
2114 2271 2183 2336 sq.

1396 2332 1539 2390 VIII,
1570 2350 1660 2397 134
1685 2334 1750 2398 sq.
1789 2336 1907 2383 adde
1938 2335 2033 2392 ΙΙΙ,
2071 2336 2181 2401 167,

1397 2400 1446 2454 8,
1469 2399 1548 2446 ubi
1583 2417 1627 2447 v.
1663 2399 1854 2448 Excurs.
1892 2399 1983 2449 ΙΙΙ.
2050 2400 2180 2448 Hinc

1392 2462 1476 2512 lib.
1500 2464 1617 2521 VII,
1643 2480 1730 2513 122
1754 2480 1766 2511 :
1802 2467 1887 2513 Hic
1911 2468 2066 2522 domus,
2089 2465 2182 2514 haec

1386 2535 1537 2589 patria
1553 2532 1622 2592 cst.
1687 2527 1756 2585 II,
1775 2531 1870 2578 620
1892 2543 2026 2579 tutum
2035 2539 2179 2592 'patrio

1393 2604 1433 2638 te
1452 2593 1592 2641 limine
1587 2596 1753 2657 fistam.
1800 2593 2031 2643 Hactenus
2047 2593 2182 2642 Italia

1393 2657 1453 2702 est
1488 2658 1642 2705 AEneae
1673 2657 1849 2721 patria3
1885 2671 1931 2707 et
1969 2659 2180 2708 hastenus

1385 2741 1536 2787 genus,
1558 2742 1587 2770 a
1609 2725 1731 2786 Jove
1763 2723 1973 2780 duftum,
1987 2731 2113 2787 petit,
2130 2723 2179 2773 h.

1390 2801 1432 2833 e.
1458 2786 1634 2852 stirpem
1655 2800 1700 2834 et
1731 2787 1963 2852 originem
2001 2788 2181 2852 generis

1390 2867 1418 2896 a
1438 2850 1553 2911 Jove
1574 2853 1717 2909 duffii,
1756 2864 1972 2917 quatenus
2005 2852 2183 2901 Darda-

1391 2931 1492 2970 nus,
1524 2917 1650 2979 Jovis
1672 2918 1790 2965 filius
1811 2933 1869 2965 ex
1893 2917 2090 2971 Elektra,
2130 2924 2184 2966 et'

1389 2982 1566 3044 generis
1595 2982 1769 3037 auftor,
1790 2999 1847 3029 ex
1868 2982 2004 3030 Italia
2021 2981 2180 3044 oriun-

1390 3045 1476 3092 dus
1497 3047 1572 3095 est.
1607 3047 1671 3095 cf.
1707 3047 1799 3103 III,
1843 3065 1909 3113 94
1947 3046 2044 3111 sqq.
2111 3048 2181 3096 At

1392 3111 1672 3159 Burmannus
1683 3129 1782 3160 earn
1794 3113 2015 3160 rationem
2032 3111 2180 3176 sequi-

1389 3187 1485 3232 tur,
1526 3188 1578 3223 ut
1609 3196 1737 3241 genus
1774 3175 2045 3225 nominandi
2067 3175 2175 3225 casu

1389 3241 1581 3307 positum
1617 3242 1841 3307 accipiat:
1876 3260 1948 3308 ego
1983 3242 2181 3299 AEneas,

1417 3324 1515 3352 enus
1535 3325 1566 3352 a
1587 3307 1726 3369 Jove,
1756 3307 1819 3354 -h.
1852 3322 1896 3353 e.
1933 3305 2082 3367 Jovis,
2124 3318 2177 3356 ut

1382 3326 1458 3426 iis,
1482 3386 1565 3436 45,
1588 3388 1742 3434 quaero
1781 3371 1991 3436 patriam.
2059 3371 2178 3436 Quae

1388 3435 1505 3483 ratio
1541 3451 1620 3500 per
1653 3436 1695 3483 se
1715 3437 1775 3484 est
1798 3435 1934 3492 bona,
1967 3435 2043 3482 sed
2061 3435 2179 3482 dura

1389 3501 1449 3546 est
1465 3499 1633 3555 oratio,
1653 3513 1700 3548 et
1722 3501 1816 3549 hae'c
1839 3498 1984 3566 stirpis
2005 3511 2178 3547 memo-

1390 3564 1510 3612 ratio
1543 3565 1696 3628 paullo
1735 3565 1892 3622 serim,
1929 3580 2065 3628 quam
2106 3579 2178 3610 re-

1387 3629 1512 3695 liqua
1520 3628 1670 3678 oratio
1679 3630 1785 3689 fert,
1796 3628 1958 3695 subjici
1977 3628 2174 3678 videtur.

2058 3696 2174 3768 381ἰ
