2294 4030
643 298 792 360 ‘AD
864 297 1338 360 LIBRUM
1420 297 1526 359 vt.
1804 305 1916 384 809

283 455 568 528 Pythagorae,
607 463 918 529 Empedoclis,
950 465 1198 522 Heracliti,
1238 464 1437 514 Platonis
1461 462 1681 514 Manibus
1701 461 1916 526 injuriam
1964 482 1965 485 ¹

279 553 409 587 acere
422 540 451 579 Ψ
472 574 486 589 .

345 611 474 678 Saepe
494 614 554 662 ad
574 611 692 661 hanc
725 614 1053 678 cogitationem
1075 616 1293 664 deduftus
1313 615 1372 662 est
1393 614 1588 669 animus,
1631 631 1734 662 cum
1756 613 1805 661 in
1826 612 1916 660 hoc

275 684 402 734 libro
430 686 769 750 interpretando
802 687 1154 743 Cudworthuzn,
1197 704 1302 735 cum
1339 687 1512 735 doctiff.
1545 700 1916 743 commentatore,

274 758 649 823 Bruckerumque
670 759 954 824 inspicerem.
1019 760 1090 807 Ita
1111 761 1439 816 Cudworthur„
1483 762 1583 824 qui,
1605 776 1765 824 praeter
1795 760 1917 808 craf-

277 830 382 888 fiu8‚
405 834 532 882 aliud
558 832 737 881 tenuius
761 850 925 897 corpus
948 835 1109 881 animae
1129 833 1260 881 indui
1282 852 1307 881 a
1332 834 1576 881 Platonicis
1597 834 1790 891 viderat,
1827 835 1916 882 hoc

275 904 465 956 interius
487 907 661 956 ae'rium
697 920 742 955 et
786 909 1016 972 spirituale
1038 925 1197 972 corpus
1220 909 1268 956 in
1291 908 1546 973 Virgilium
1586 909 1827 965 inferebat,
1860 919 1913 956 ut

273 984 453 1031 craffius
477 984 594 1031 illud
627 983 987 1048 integumentum
1009 983 1110 1030 effet
1134 983 1203 1040 id,
1247 986 1368 1047 quod
1388 986 1676 1033 admissorum
1698 985 1913 1032 scelerum

271 1069 430 1118 poenas
461 1059 556 1122 post
581 1070 773 1104 mortem
795 1058 910 1113 luat,
948 1069 1141 1121 purgata
1163 1074 1269 1104 vero
1292 1059 1441 1105 anima
1464 1059 1649 1115 defluat,
1689 1071 1739 1106 ut
1762 1059 1913 1105 anima

266 1144 395 1179 nunc
416 1148 579 1196 corpus
613 1131 851 1178 aethereum
878 1130 994 1177 illud
1027 1144 1071 1178 et
1103 1132 1305 1191 αὐγοειδὲς
1337 1134 1538 1180 ostentet.
1605 1133 1914 1184 Subtilitatem

273 1201 532 1254 hanc'redte
554 1206 721 1253 retudit
745 1205 1045 1261 Momemius,
1064 1222 1169 1270 pag.
1213 1223 1350 1268 ¹031·
1381 1224 1518 1271 ¹045·
1586 1210 1652 1255 At
1674 1209 1796 1255 idem
1821 1207 1913 1258 alia

270 1292 367 1326 non
387 1280 536 1328 minus
554 1279 779 1328 subtiliter
799 1279 928 1343 super
963 1281 1106 1345 εἰδώλῳ
1139 1281 1188 1328 in
1210 1281 1365 1327 inferis
1386 1283 1499 1327 locis
1519 1294 1751 1345 argutatur
1782 1283 1838 1331 ad
1862 1299 1909 1330 v.

272 1366 365 1413 292
399 1353 447 1402 h.
470 1355 526 1410 1.,
558 1354 668 1401 dum
692 1369 853 1417 eorpus
873 1353 991 1400 illud
1013 1354 1178 1401 subtile
1195 1366 1240 1401 et
1263 1367 1413 1410 tenue,
1437 1356 1561 1417 quod
1585 1355 1744 1403 animae
1761 1367 1910 1407 manet

270 1423 570 1488 implicitum,
590 1427 728 1475 etiam
748 1443 774 1474 a
796 1443 987 1490 corpore
1009 1427 1233 1490 sejunEtae,
1266 1442 1344 1491 per
1376 1437 1559 1475 animum
1566 1432 1808 1490 sentientem
1842 1429 1910 1476 in-

269 1505 558 1563 terpretatur.
627 1500 775 1565 Atqui
798 1502 918 1565 apud
936 1507 1115 1564 poetas,
1158 1504 1303 1549 multo
1327 1502 1468 1565 magis
1490 1503 1609 1565 apud
1634 1503 1907 1559 Homerum,

270 1572 388 1625 ultra
411 1591 575 1640 corpus
598 1587 748 1629 tenue,
788 1591 845 1621 ex
871 1587 1019 1622 vetere
1041 1587 1086 1623 et
1127 1576 1310 1639 poetica
1334 1578 1506 1622 ratione
1528 1576 1643 1624 nihil
1679 1579 1737 1624 est
1778 1578 1907 1641 cogi-

269 1648 478 1706 tandum,
511 1651 686 1713 quoties
719 1649 902 1705 εἴδωλον,
937 1651 1162 1704 umbram,
1199 1650 1370 1701 audias.
1438 1650 1593 1697 Multo
1632 1651 1789 1698 melius
1811 1652 1907 1700 haee

267 1717 475 1786 Jortinus
516 1724 725 1788 exposuit
773 1725 886 1782 (Six
910 1724 1202 1787 Dfflrtations
1239 1736 1343 1786 upon
1365 1726 1556 1787 dffrent
1574 1724 1758 1788 Subjec‘i's
1800 1742 1906 1789 pag.

268 1797 363 1844 216
386 1797 528 1862 sqq.),
552 1797 631 1861 qui
652 1796 771 1847 nihil
794 1796 887 1861 ipse
910 1796 967 1843 ab
990 1796 1124 1846 initio
1146 1796 1293 1842 statim
1319 1797 1465 1860 ponit,
1506 1797 1581 1843 sed
1604 1799 1905 1845 annumeratis

265 1870 381 1925 locis
405 1873 687 1929 Homericis,
710 1872 824 1936 quid
843 1872 950 1921 inde
970 1871 1209 1927 efficiatur,
1232 1871 1384 1919 docet.
1452 1871 1673 1923 Animum
1698 1873 1907 1936 incorpo-

214 1987 225 1997 1
264 1962 391 1995 reum
413 1960 492 1995 aut
514 1964 694 2011 corpus,
718 1946 843 2010 quod
861 1945 1025 1993 animis
1046 1962 1128 2010 pro
1151 1945 1361 1994 vehiculo
1384 1947 1453 2001 fit,
1491 1946 1711 2009 cogitare,
1747 1963 1904 1994 eorum

267 2036 521 2088 temporum
553 2021 881 2084 hominumque
910 2020 1146 2070 inventum
1168 2020 1247 2076 est,
1284 2021 1365 2083 qui
1387 2021 1442 2067 de
1460 2020 1710 2067 animorum
1735 2021 1907 2068 naturis

257 2097 355 2161 jam
372 2096 434 2145 -ab
467 2097 621 2162 aliquo
656 2095 765 2143 inde
794 2109 994 2159 tempore
1024 2093 1232 2142 subtilius
1264 2093 1511 2157 disputare,
1543 2104 1588 2140 et
1608 2095 1665 2140 ad
1687 2098 1901 2157 majorem

261 2174 502 2223 verborum
524 2172 822 2223 subtilitatem
843 2170 1093 2218 orationem
1116 2187 1276 2218 acuere
1299 2171 1571 2217 didicerant.
1641 2172 1706 2217 At
1730 2184 1903 2220 veteres

260 2244 336 2296 isti
353 2247 559 2296 contenti
579 2258 722 2303 erant,
741 2263 806 2293 res
820 2246 880 2294 ad
896 2243 1068 2294 sensum
1087 2260 1314 2299 revocare,
1331 2244 1474 2292 sensui
1495 2245 1730 2291 oculorum
1743 2257 1788 2293 et
1805 2246 1905 2295 ani-

261 2340 442 2372 morum
476 2321 714 2385 subjicere,
759 2318 927 2382 mythis
961 2334 1044 2382 pro
1079 2318 1370 2382 dogmatibus
1404 2318 1488 2366 uti.
1555 2317 1712 2365 Multo
1737 2319 1903 2376 minus,

259 2413 340 2464 per
377 2396 611 2450 sermonis,
654 2411 748 2459 quo
789 2392 1050 2447 utebantur,
1085 2391 1305 2438 rationem
1347 2403 1392 2441 et
1427 2402 1656 2446 naturam,
1689 2390 1739 2438 in
1774 2392 1900 2441 illam

258 2473 511 2522 doctrinam
544 2470 748 2519 incidere
772 2468 925 2533 potuit
945 2479 1093 2515 vetere
1135 2482 1231 2514 aevo
1250 2465 1505 2529 quisquam,
1538 2477 1586 2510 ut
1608 2465 1808 2513 animum
1832 2467 1902 2516 ἱη·ἵ

257 2565 530 2615 corporeum
551 2545 834 2610 cogitatione
853 2542 1132 2606 conciperet,
1202 2540 1474 2604 Expeditior·
1514 2552 1558 2585 et
1595 2539 1777 2586 facilior
1809 2541 1900 2591 fuit

257 2625 336 2675 via
357 2626 452 2690 post
475 2623 599 2670 ideas
624 2620 883 2671 Platonicas
905 2618 1067 2666 illatas.
1134 2614 1520 2681 Qandoquidcm
1543 2626 1689 2660 autem
1722 2613 1778 2668 ii,
1818 2615 1900 2679 qui

254 2699 351 2765 post
372 2696 598 2762 principes
617 2695 719 2743 illos
738 2692 956 2757 sapientes
983 2689 1438 2756 philosophabantur,
1481 2686 1616 2732 etiam
1635 2703 1737 2740 cum
1759 2686 1899 2740 subti÷

254 2775 371 2825 liore
390 2783 435 2820 et
448 2771 657 2829 ,sermone
685 2780 730 2815 et
763 2765 1046 2831 cogitatione
1079 2776 1327 2819 uterentur,
1368 2775 1516 2809 tamen
1548 2760 1617 2805 vel
1653 2760 1896 2809 secundum

253 2851 467 2915 antiquos
488 2847 594 2895 illos
614 2846 686 2894 vel
709 2844 913 2892 adversus
933 2858 1008 2889 eos
1028 2840 1335 2906 disputabant,
1358 2837 1520 2884 mirum
1544 2853 1634 2884 non
1656 2839 1714 2884 est
1741 2837 1790 2883 in
1807 2837 1894 2885 So-

253 2925 391 2982 cratis
426 2921 651 2975 sermone,
695 2919 744 2966 in
780 2915 1026 2965 Platonicis
1045 2927 1090 2962 et
1112 2913 1297 2977 reliquis
1318 2912 1445 2959 libris
1479 2911 1802 2975 philosophicis
1823 2924 1893 2960 tot

251 2998 466 3068 superesse
502 2993 677 3063 poetici
714 2993 908 3058 alicujus
946 2990 1161 3039 sermonis
1179 3000 1257 3036 aut
1292 2986 1510 3050 mythicae
1542 2985 1615 3032 vel
1636 2985 1891 3049 allegoricae

306 3171 332 3196 θ’
365 3169 579 3216 Meliorem
598 3168 704 3208 viam
724 3141 882 3220 ingreffi
900 3165 1007 3213 sunt,
1025 3164 1093 3216 qui
1108 3162 1194 3217 post
1207 3161 1278 3201 ista
1293 3168 1384 3200 ante
1396 3158 1470 3198 hos
1488 3158 1588 3197 XVI
1608 3170 1731 3196 annos
1744 3156 1903 3208 scri-p‘ta-

249 3242 430 3284 veterem
448 3232 743 3288 philosophiam
759 3229 942 3280 subtilius
960 3228 1190 3283 exposuere,
1204 3223 1389 3281 inprimis
1415 3223 1508 3270 VV.
1542 3223 1627 3268 CC,
1653 3223 1814 3272 Meiaers
1846 3228 1889 3270 eg

249 3299 456 3354 fficdemau.

1620 3417 1894 3479 narrationis
