2372 4030
452 2882 456 2888 '
512 2891 586 2928 tus
632 2880 709 2927 est.

502 400 538 478 ’ἐ
716 417 783 477 Ρ.
845 392 1339 496 vin-G1'L11
1410 407 1939 482 M'ARo‘Nrs'

510 566 851 644 Posthabita
879 586 1117 646 coluiffe
1146 587 1324 676 Sarno
1342 617 1357 656 ;
1403 587 1500 647 hic
1531 558 1691 647 illius
1721 560 1905 667 arnna,

506 697 635 756 Hic
664 718 867 758 currus
901 699 1048 758 fuit:
1092 699 1206 759 hoc
1237 720 1487 780 regnum
1515 699 1620 757 dea
1651 701 1929 780 gentibus
1958 697 2089 774 esse,
2141 701 2149 719 ²
2229 707 2231 716 ’

506 812 568 870 Si
597 833 714 891 qua
743 811 862 871 fata
889 812 1096 884 fiuant,
1129 812 1261 892 jam
1292 826 1422 871 tum
1453 811 1761 894 tenditque
1793 813 2091 894 fovetque.

565 983 628 1024 16.
660 983 729 1023 Ad
743 983 901 1022 hiatum
920 983 962 1022 in
995 982 1071 1022 hoc
1093 983 1205 1022 versu
1226 982 1550 1036 impugnandum
1581 981 1787 1021 neminem
1804 975 1924 1022 video
1945 981 2165 1035 quicquam

507 1047 695 1096 attuliffe,
721 1058 766 1088 ut
786 1049 936 1087 mirum
971 1047 1032 1095 fit,
1061 1061 1130 1086 cur
1159 1048 1209 1086 ad
1246 1047 1344 1087 alios
1379 1046 1633 1087 offenderint.

512 1097 517 1103 Δ
622 1113 685 1152 18.
715 1114 840 1150 Sinunt
869 1111 1018 1151 Medic.
1049 1126 1070 1150 a
1105 1124 1159 1150 m.
1190 1124 1250 1164 pr.
1275 1121 1315 1150 et
1344 1125 1407 1163 pr.
1443 1112 1598 1150 Moret.
1641 1111 1759 1165 fiuent
1787 1111 1886 1150 editi
1930 1111 2094 1164 quidam
2127 1127 2169 1160 et

1747 1058 1811 1097 17.
1840 1050 1936 1100 regni
1956 1049 2080 1088 Goth.
2101 1063 2164 1102 pr·

510 1175 637 1215 Goth.
658 1184 751 1214 tert.
790 1176 832 1229 st
848 1191 919 1226 quae
942 1173 1101 1214 Zulich.
1159 1177 1299 1212 intendit
1321 1176 1466 1227 Puget.
1499 1165 1540 1213 et
1561 1174 1701 1213 Parth.
1720 1188 1743 1213 a
1762 1187 1823 1228 pr.
1853 1186 1909 1214 m.
1933 1189 2020 1227 quae
2041 1175 2170 1215 varie-

507 1249 571 1280 tas
585 1252 623 1278 et
641 1238 734 1278 alibi
756 1239 945 1280 occurrit.
976 1238 1029 1279 cf.
1050 1240 1189 1278 Burm.
1234 1239 1409 1292 favetque
1427 1248 1508 1279 tres
1526 1251 1591 1293 ap.
1613 1240 1753 1279 Burm.
1807 1247 1912 1279 vovet
1930 1239 2035 1294 conj.
2055 1241 2172 1280 Heu·

512 1301 653 1343 manni
662 1332 672 1344 ,
689 1316 727 1342 v.
751 1302 850 1341 Not.

508 1436 608 1487 vid.
628 1438 812 1487 Selden.
823 1438 881 1486 de
895 1436 1000 1487 Diis
1018 1435 1146 1502 Syris
1162 1439 1299 1501 Synt.

507 1505 581 1559 II,
616 1522 660 1552 c.
689 1522 735 1552 2.

512 1620 514 1623 ,
582 1570 658 1617 16.
694 1572 781 1616 Hic
802 1569 914 1616 illius
933 1588 1075 1623 arma,
1109 1570 1178 1616 hic
1200 1588 1297 1616 cur-

508 1640 710 1700 rusfuit,
744 1635 897 1688 ducta,
931 1646 1066 1700 pute,
1095 1634 1161 1681 rei
1178 1634 1298 1682 ima-

508 1717 575 1765 go
614 1700 672 1746 ab
710 1699 908 1763 antiquis
948 1698 1184 1753 heroibus,
1219 1699 1298 1764 qui

508 1765 719 1813 curribus
733 1765 855 1813 vecti
874 1764 932 1811 ad
943 1781 1149 1828 pugnarn
1161 1777 1299 1830 egre·

509 1831 771 1885 diebantur,
808 1829 994 1877 reduces
1035 1844 1189 1877 autern
1221 1847 1298 1878 eos

508 1896 558 1943 in
577 1898 682 1943 loco
700 1898 819 1943 tecto
837 1895 1125 1944 collocabant
1148 1912 1203 1942 ac
1229 1912 1297 1943 re-

507 1962 759 2025 ponebant.
783 1961 904 2008 v.11.
929 1960 975 2014 S,
995 1976 1110 2024 441.
1129 1984 1164 2015 ε,
1190 1977 1297 2027 194.

509 2026 719 2075 traducta
738 2027 834 2080 illa,
870 2038 920 2074 ut
942 2026 1050 2080 alia,
1085 2026 1139 2073 ad
1165 2026 1297 2082 deos,

514 2093 683 2157 quibus
720 2109 881 2140 currus
904 2091 969 2139 sui
1010 2092 1167 2146 effent,
1223 2092 1303 2155 qui

509 2157 559 2206 in
598 2157 654 2205 iis
692 2158 827 2211 locis,
882 2174 982 2221 quae
1020 2157 1299 2220 potiffimum

511 2225 865 2287 frequentarent
902 2222 968 2270 dii
1004 2235 1049 2270 et
1073 2224 1297 2278 colerent,

513 2301 863 2354 reponerentur.
935 2289 1028 2336 Pro
1051 2288 1217 2335 talibus
1234 2289 1300 2335 lo-

511 2355 579 2404 cis
614 2354 841 2402 habentur
876 2354 1027 2418 poetis
1063 2370 1128 2400 eae
1165 2354 1300 2402 urbes

510 2437 658 2484 eaque
689 2420 883 2483 templa,
917 2436 1018 2483 quae
1050 2419 1301 2467 celebriore

512 2486 666 2550 aliqua
678 2484 904 2550 religione
914 2483 1133 2532 eminent.
1149 2483 1187 2532 E
1192 2502 1302 2548 gre·

510 2550 619 2616 gius
658 2552 779 2598 hanc
800 2549 851 2597 in
886 2566 985 2597 rem
1022 2549 1150 2597 locus
1175 2551 1232 2598 ll.
1267 2574 1303 2605 ν,

513 2632 571 2666 21
602 2616 699 2681 sqq.
719 2615 778 2664 de
797 2614 936 2679 AEgis
967 2615 1194 2679 Neptuno
1232 2615 1302 2664 sa-

513 2682 622 2731 cris·
697 2681 890 2745 Junonis
921 2692 1077 2728 autem
1095 2697 1253 2729 currus
1277 2698 1303 2729 e

510 2747 660 2796 nobili
691 2746 891 2795 Homeri
924 2747 1029 2794 loco
1052 2747 1110 2794 Il.
1137 2769 1172 2801 ε,
1208 2762 1304 2811 720

509 2812 612 2879 sqq.
645 2812 788 2877 (adde
812 2812 973 2874 Odyff.
996 2834 1032 2866 ε,
1060 2813 1178 2875 381)Ι
1219 2828 1303 2860 no-

813 2877 1100 2925 Burmannus
1145 2878 1307 2925 laudat

513 2946 626 2995 Val.
650 2945 809 2993 Flacc.
834 2944 901 2999 V,
935 2946 1043 3006 184.
1114 2943 1306 2991 Po'etica

512 3012 670 3058 tamen
702 3008 854 3074 potius
892 3025 1033 3073 quam
1070 3025 1183 3055 vera
1222 3008 1305 3056 de-

511 3075 759 3139 scriptione
794 3074 863 3122 uti
885 3073 1039 3121 videri
1061 3073 1200 3122 debet
1219 3091 1306 3138 po-

513 3144 607 3191 eta.
700 3140 829 3187 Nam
894 3139 1309 3203 Carthaginienses

513 3208 608 3255 no‘n
629 3205 786 3255 currui
804 3203 880 3252 sed
897 3203 1023 3252 leoni
1039 3204 1310 3253 insidentem

512 3272 767 3337 expreffiffe
812 3281 1126 3318 memorantur
1155 3269 1310 3318 coeles-

513 3349 609 3387 tem
631 3338 756 3385 suam
775 3335 928 3384 deam.
977 3335 1041 3383 cf.
1075 3335 1300 3400 Apuleius

514 3405 641 3452 Met.
682 3397 776 3455 VI,
834 3400 883 3449 6.
973 3401 1120 3449 Porro
1175 3418 1304 3449 arma

516 3467 688 3532 Junoni
718 3466 999 3521 tribuuntur,
1039 3481 1150 3521 non,
1185 3482 1301 3530 qua-

513 3545 648 3583 tenus
668 3531 794 3580 inter
813 3531 1014 3607 reliquos
1035 3531 1148 3579 deos
1173 3530 1301 3579 deas-

513 3600 607 3662 que
622 3609 798 3646 armata
810 3596 976 3660 praehis
990 3608 1097 3645 ante
1106 3595 1226 3659 Troj
1233 3613 1308 3645 am

515 3661 744 3720 interfuit,
778 3672 830 3710 ut
846 3661 913 3711 ⁷11.
933 3685 974 3718 v,
1015 3677 1079 3726 70
1110 3674 1161 3712 et
1190 3662 1310 3712 AEn.

1385 1439 1458 1493 II,
1492 1438 1592 1503 614
1638 1440 1758 1502 Juno
1785 1445 1918 1504 firro
1963 1445 2171 1490 accincta.

1385 1504 1452 1551 cf.
1471 1505 1631 1552 Valer.
1659 1506 1819 1553 Flacc.
1839 1507 1905 1561 V,
1927 1511 2036 1554 288.
2059 1511 2169 1572 289.

1383 1569 1555 1625 debent
1580 1570 1706 1618 enim
1722 1590 1849 1619 arma
1865 1572 1914 1619 h.
1933 1572 1964 1620 1.
1983 1573 2070 1620 esse
2090 1573 2174 1621 ali-

1385 1635 1509 1698 quod
1529 1637 1768 1700 proprium
1783 1652 1839 1685 ac
1855 1650 2135 1702 perpetuum
2156 1656 2173 1696 ς

1386 1712 1437 1748 ut
1451 1699 1568 1748 adeo
1585 1701 1643 1748 de
1658 1702 1828 1762 Junone
1844 1717 2020 1751 armata
2038 1705 2175 1769 cog'i-

1385 1766 1579 1813 tandum
1613 1766 1683 1820 fit,

1385 1832 1469 1889 μία
1492 1831 1582 1879 fuit
1606 1831 1742 1880 Elide
1765 1834 1907 1886 culta,
1927 1834 2172 1901 Lycophr.

1390 1897 1513 1944 Caff.
1538 1896 1654 1945 610.
1680 1901 1794 1963 858,
1829 1909 1877 1946 et
1900 1899 2034 1948 {vrvioe
2055 1903 2103 1950 h.
2129 1919 2173 1951 e.

1387 1979 1524 2010 curru
1546 1965 1679 2011 ve&a
1702 1964 1938 2028 Olympiae
1958 1982 2034 2030 ap.
2057 1967 2175 2016 Pau-

1387 2027 1480 2075 san.
1505 2028 1572 2081 V,
1613 2044 1665 2094 15
1695 2046 1743 2093 p.
1764 2046 1882 2092 414.
1945 2031 2090 2079 Hasta
2103 2046 2175 2081 ta-

1386 2110 1493 2140 men
1516 2093 1560 2140 ei
1583 2096 1783 2157 quodam
1817 2094 1958 2143 modo
1988 2100 2178 2162 propria

1389 2158 1494 2213 fuit,
1528 2158 1668 2207 etiam
1693 2176 1751 2208 ex
1773 2161 2052 2211 Latinorum
2068 2165 2177 2212 reli-

1387 2224 1545 2288 gione.
1616 2225 1748 2273 Nota
1785 2226 2060 2277 Sabinorum
2083 2231 2178 2292 Ju-

1387 2309 1438 2336 no
1479 2291 1664 2338 Curitis.
1722 2290 1790 2338 cf.
1832 2292 2005 2341 Cerda.
2083 2296 2177 2344 Sed

1389 2353 1565 2417 optime
1589 2355 1774 2404 Servius
1797 2374 1808 2403 t
1857 2359 1928 2405 Sic
1946 2373 2088 2408 autem
2107 2365 2180 2427 ff

1386 2424 1516 2467 etiam
1533 2427 1575 2467 in
1575 2423 1718 2484 fhcris
1735 2419 1985 2485 Tiburtibus
2004 2431 2180 2491 corfiat,

1389 2485 1465 2533 ubi
1480 2489 1549 2550 fic
1563 2498 1795 2549 precantur
1810 2507 1828 2535 :
1864 2489 1983 2551 June
2005 2492 2178 2552 curulis,

1390 2564 1458 2599 tuo
1476 2571 1602 2599 curru
1623 2552 1823 2617 clz'pss’oque
1845 2567 1962 2603 tuere
1981 2575 2089 2605 meos
2105 2578 2179 2607 cu-

1389 2621 1472 2664 riae
1496 2617 1832 2682 vernulasfime.
1870 2620 2055 2671 Locum
2079 2624 2180 2673 nos·

1390 2681 1452 2728 tri
1511 2685 1661 2745 poetae
1720 2686 1934 2748 expreffit
1978 2688 2180 2739 Ovidius

1392 2747 1510 2794 Fast.
1543 2749 1636 2802 VI,
1671 2765 1730 2812 45
1785 2752 2024 2809 Paeniteat,
2071 2759 2188 2819 quod

1389 2831 1468 2859 non
1475 2817 1595 2877 fovi
1608 2815 1898 2879 Carthaginis
1913 2835 2053 2874 arces,
2071 2821 2181 2870 Cum

1389 2896 1480 2925 mea
1487 2880 1582 2942 sint
1602 2878 1674 2927 illo
1695 2900 1843 2946 currur
1872 2895 1915 2928 et
1933 2902 2060 2932 arma
2081 2885 2181 2939 loco‘.

1463 2959 1538 3006 17.
1570 2948 1647 2992 18.
1682 2946 1995 3011 Carthagine,
2018 2950 2182 3005 Romae

1390 3009 1574 3062 aemula,
1608 3011 1829 3074 praeclare
1864 3012 2010 3062 utitur
2038 3018 2181 3080 po‘e‘ta

1390 3075 1439 3148 11.
1464 3075 1497 3121 1.
1534 3087 1583 3122 ut
1607 3091 1662 3122 ea
1700 3075 1808 3123 urbs
1843 3094 2040 3142 regnum
2063 3098 2182 3149 gen-

1390 3149 1525 3194 tium,
1560 3152 1702 3204 caput
1726 3140 1915 3206 imperii
1932 3157 2182 3203 terrarum,

1391 3204 1463 3259 fit,
1499 3206 1623 3268 Juno
1646 3209 1752 3271 jam
1790 3221 1895 3263 tum,
1930 3211 2182 3275 prisca'illa
2232 3243 2235 3246 >

1391 3271 1553 3318 AEneae
1607 3284 1761 3326 aetate,
1818 3286 1924 3322 ante
1978 3278 2183 3329 Romam

1380 3335 1636 3390 conditam,
1653 3335 1808 3393 t'endit,
1827 3341 2087 3399 contendit,
2105 3346 2179 3393 al-

1378 3400 1579 3455 laborat,
1613 3418 1807 3465 operam
1828 3403 1930 3461 dat,
1937 3411 2179 3475 fivetque,

1379 3476 1468 3530 pro
1491 3467 1676 3531 vulgari
1698 3469 1843 3516 studet
1860 3488 1875 3526 3
1892 3476 2039 3533 fhvet
2061 3476 2174 3531 hoc,

1389 3532 1511 3580 hanc
1526 3549 1644 3587 rem,
1679 3534 1768 3581 hoc
1787 3537 2044 3594 confilium,
2077 3541 2180 3589 ani-

1389 3613 1467 3672 mo
1491 3609 1538 3645 et
1555 3597 1860 3664 cogitatione.
1931 3605 1983 3652 Si
2002 3622 2087 3670 qua
2104 3623 2182 3656 ra·

1390 3673 1535 3712 tione.
1686 3691 1689 3693 -
2167 3679 2170 3683 ’

1969 3746 2176 3798 19—22.

1718 1766 1866 1831 qualis
1901 1779 1999 1831 Hga
2018 1770 2175 1818 ὅπλοσ-
2255 1819 2257 1821 ,

2364 2062 2372 2160 kdi-—t
2367 2039 2372 2047 .
2367 1998 2372 2026 -<

2370 2601 2372 2609 -
2363 2323 2372 2524 ...2--...-—-—
2365 2287 2367 2290 —

2355 3651 2372 3761 .-r-...aa-
2360 3438 2372 3640 -2.-...-.-..-.'.·.-
2360 3263 2372 3416 ‘tenea-mm...
2368 3219 2372 3249 .-„
2366 3179 2372 3211 ...-
