2372 4030
539 335 555 347 ·*
599 309 1113 390 AEJNEJsDoS,
1171 316 1366 383 LIB,
1417 321 1470 383 Ι.

1659 325 1831 415 ,65

197 478 300 547 Bis
327 480 496 548 denis
528 479 856 560 Phrygium
876 479 1193 545 conscendi
1220 483 1467 546 navibus
1491 505 1718 568 aequm,

197 596 404 663 ,Matre
424 593 561 655 Dea
581 593 940 654 monstrante
965 593 1146 668 viam,
1173 595 1310 656 data
1332 596 1451 658 fata
1469 598 1697 660 secutus
1720 628 1742 671 ς
1818 648 1825 659 ,

200 710 322 774 Vix
348 712 576 793 septem
600 710 897 772 convolsae
919 711 1095 771 undis
1117 711 1399 793 Euroque
1425 713 1756 794 supersunt.

191 823 333 905 ‘Ipse
351 821 612 905 ignotus),
637 843 834 904 egem,
861 824 1075 905 Libyae
1095 824 1325 886 deserta
1346 846 1618 907 peragm,

197 938 448 1020 Europa
462 954 648 1020 ratque
673 938 814 998 Afia
834 937 1059 1019 pulsus,

199 1052 364 1114 Pass'a
392 1053 589 1114 Venus
616 1051 820 1112 medio
847 1051 927 1111 fic
958 1053 1235 1113 interfata
1261 1053 1466 1114 dolore
1496 1057 1608 1116 est:

1144 941 1276 1001 Nec
1305 942 1479 1022 plura
1496 959 1840 1024 querentem

1717 1077 1751 1136 3
1763 1058 1838 1119 86

278 1161 562 1245 Qisquis
608 1183 688 1236 es»,
744 1163 923 1236 haud,
980 1164 1178 1237 credo,
1229 1166 1451 1227 invisus
1500 1165 1842 1229 coelestibus

440 1296 608 1336 auras

202 1393 426 1456 Vitales
453 1394 669 1474 carpis,
695 1394 952 1474 Tyriam
982 1394 1088 1473 qui
1117 1393 1422 1455 adveneris
1449 1397 1679 1458 urbem.

201 1563 297 1605 tulit
316 1562 453 1606 Burm.
493 1563 723 1605 aneioribus
754 1563 865 1604 libris
880 1563 1079 1604 Montalb.
1103 1563 1251 1604 Hamb.
1272 1564 1340 1604 alt.
1360 1564 1495 1618 Bigot.
1519 1566 1570 1605 cf.
1589 1576 1671 1607 not.
1728 1567 1775 1607 ab
1791 1567 1842 1622 J.

125 1630 127 1634 ’
199 1623 767 1684 magno‘Romanus.—-—381.
787 1631 924 1684 Inepte
946 1628 1212 1669 Grammatici
1230 1628 1346 1683 super
1366 1632 1432 1670 Bis
1454 1631 1550 1670 denis
1570 1641 1844 1671 commentan-

201 1701 299 1734 tur:
327 1695 464 1747 viginti
494 1692 626 1734 fuisset
660 1692 849 1746 pedestris
884 1692 1080 1732 orationis
1112 1691 1460 1743 forma.-—382.
1490 1706 1553 1734 ata
1579 1695 1674 1747 fata
1707 1697 1843 1733 Graev.

200 1753 311 1796 erasa
346 1756 479 1809 prima
515 1755 664 1804 littera,
699 1755 807 1810 quafi
838 1756 1012 1796 voluerit
1038 1768 1138 1796 rata.
1197 1756 1275 1796 Sed
1308 1756 1515 1810 vulgatam
1542 1757 1675 1798 firmat
1708 1760 1847 1797 Burm.

200 1819 343 1873 datas:
366 1820 569 1875 sequuntur
589 1819 714 1860 Goth.
734 1833 797 1874 pr.

200 1883 453 1936 optimorum
469 1883 671 1937 scriptura.

203 1947 347 1987 Burm.

202 2013 321 2066 carpis
338 2011 468 2051 vitalis
488 2010 695 2052 Montalb.

272 2156 381 2214 381·
407 2152 641 2218 Phrygiam
661 2172 817 2227 αἴτιον,
840 2151 989 2200 littori

206 2213 407 2264 Troadis
431 2217 505 2264 seu
548 2216 761 2281 Phryg1ae
803 2216 990 2264 minoris

203 2282 486 2346 praetentllm.
587 2284 792 2345 corfiendi
850 2301 993 2345 cequor

205 2345 395 2394 navibus
433 2346 612 2395 doftius
657 2346 851 2402 diftum,
940 2361 992 2393 ro

206 2408 403 2474 vulgari,
424 2413 678 2476 constendere
697 2431 849 2459 naves.
946 2410 992 2456 ui

203 2473 329 2522 enim
360 2483 406 2522 in
436 2477 572 2524 altum
610 2475 833 2534 evehitur,
874 2473 911 2522 is
949 2486 995 2522 et

208 2548 352 2605 aequor
388 2542 640 2604 conscendere
683 2540 779 2588 dici
832 2541 994 2604 potest.

211 2606 321 2665 382·-
340 2603 491 2652 Matre
519 2606 598 2652 dea
619 2625 677 2653 m.
715 2626 767 2653 v.
806 2621 862 2652 ex
884 2603 992 2651 AEn.

207 2667 277 2724 II,-
302 2671 360 2732 58
417 2667 512 2743 sqq.
534 2669 594 2717 est
624 2667 992 2717 dilucidandum,

209 2731 326 2780 Sane
347 2732 366 2780 i
400 2733 416 2780 i
455 2733 573 2781 mhil
591 2733 648 2780 de
668 2733 745 2781 via
767 2750 794 2780 a
817 2732 994 2781 Venere

207 2797 452 2848 monstrata
472 2810 679 2845 monetur
711 2797 786 2844 sed
814 2799 994 2845 'tantum

206 2856 477 2926 defuga—v,
504 2864 618 2925 619,
642 2863 753 2912 620.
822 2860 998 2910 Verum

208 2922 335 2977 ffiere
355 2924 454 2984 aliae
485 2926 533 2974 in
566 2942 665 2974 eam
687 2943 779 2974 rem
802 2924 993 2974 fabulae:

211 3005 257 3038 ν.
304 2986 404 3054 sup.
447 2988 649 3055 Disquis.
697 2989 766 3046 II,
808 2990 842 3037 s.
879 2990 994 3039 VII.

212 3051 333 3115 Quae
354 3055 533 3103 Servius
550 3067 596 3103 et
635 3055 907 3119 Pomponius
939 3072 997 3104 ex

213 3116 422 3166 Varrone
454 3119 512 3166 de
533 3119 723 3183 Veneris
758 3121 881 3168 stella
919 3120 996 3169 hic

209 3182 502 3234 incommode
555 3178 659 3233 fatis
702 3196 994 3242 ‘memorant,

250 3257 253 3260 ⁴
276 3258 402 3295 tuere
439 3247 628 3297 infidefe
660 3254 809 3314 poetae
839 3248 993 3297 animo

211 3327 264 3359 m
298 3310 426 3359 libro‘
452 3310 522 3367 I-I,
557 3315 649 3377 693
684 3315 736 3361 de
753 3313 856 3362 eaelo
874 3314 997 3377 lapsa

209 3386 303 3425 etc»
364 3379 611 3441 datafata3
632 3379 871 3430 monstrata
890 3392 996 3426 cum

209 3448 295 3552 fer
324 3440 525 3505 auspicia
561 3451 662 3490 ‘tum
695 3455 777 3507 per
813 3443 997 3491 oracula

220 3502 390 3583 :³135
416 3505 480 3569 sq.
505 3506 591 3568 163
615 3505 681 3571 sq.
703 3518 731 3570 3·
768 3523 794 3572 ς
817 3505 883 3571 sq.

136 3616 138 3618 .
222 3565 630 3636 ι141383--3ὃςι
663 3571 724 3621 ob
744 3584 847 3622 erva
869 3584 994 3638 mag-

460 1947 554 1998 386.
572 1948 680 1988 dolori
695 1948 741 2004 ςβ
760 1947 913 1989 Erfurt.
967 1948 1012 2004 est
1027 1946 1132 1986 abest
1151 1960 1175 1987 a
1194 1947 1411 1987 nonnullis.
1436 1960 1478 1988 v.
1503 1949 1640 1987 Burni.

985 3536 987 3538 -
1075 3526 1145 3559 τε,
1178 3516 1230 3552 ut
1249 3503 1344 3550 Od.
1367 3524 1417 3562 «γ,
1451 3518 1528 3564 27.

907 1819 1001 1870 383.
1028 1819 1197 1876 convolsae
1212 1821 1387 1859 Romani
1421 1830 1460 1860 et
1491 1822 1635 1862 Medic.
1664 1823 1844 1875 adeoque

785 1884 877 1935 384.
899 1895 1043 1939 pererro
1059 1885 1097 1922 H
1103 1882 1204 1922 amb.
1227 1896 1288 1935 pr.
1306 1885 1446 1923 eadem
1466 1885 1669 1925 diversitas
1686 1887 1760 1932 IV,
1781 1896 1845 1933 72-

1752 1948 1843 1998 388.

1070 2150 1250 2198 nificam
1271 2152 1517 2200 difflonem
1536 2166 1593 2198 ex
1608 2151 1849 2199 verborum

1070 2215 1255 2262 dilestu.
1320 2226 1479 2280 ignotus
1519 2216 1643 2263 Serv.
1666 2216 1852 2280 exponit

1070 2282 1191 2344 quasi
1209 2295 1390 2344 propter
1410 2300 1452 2329 v.
1481 2287 1715 2345 379sama
1731 2285 1780 2343 s.
1804 2299 1851 2326 aa

1070 2360 1201 2393 notus.
1269 2345 1515 2393 Enimvero
1549 2347 1609 2392 est
1653 2345 1703 2391 in
1739 2355 1855 2390 terra

1069 2409 1246 2471 ignota,
1284 2409 1403 2458 inter
1427 2408 1650 2466 homines,
1689 2410 1855 2472 quibus

1070 2473 1164 2537 ipse
1187 2474 1370 2538 ignotus
1393 2477 1468 2523 est.
1535 2473 1612 2520 Sic
1625 2474 1742 2535 solus
1771 2473 1854 2519 ali-

1072 2538 1172 2601 quis
1190 2546 1334 2586 errare
1344 2539 1514 2587 dicitur
1530 2539 1579 2586 in
1596 2537 1852 2585 solitudine4

1075 2606 1183 2667 385.
1211 2603 1327 2650 Eum
1352 2603 1670 2668 interpellavit,
1703 2603 1735 2649 s.
1761 2618 1852 2647 non

1067 2670 1189 2730 pqfflz
1210 2682 1452 2734 querentem,
1489 2685 1588 2732 pro,
1621 2687 1696 2714 non
1731 2669 1856 2729 pqffiz

1070 2752 1161 2779 eum
1175 2743 1296 2796 queri
1305 2733 1455 2796 plura,
1473 2748 1620 2796 graeca
1642 2730 1817 2777 ratione
1837 2748 1854 2786 3

1072 2794 1106 2843 s.
1131 2804 1348 2869 interfata·
1358 2811 1603 2861 querentem.
1667 2814 1744 2843 non
1752 2797 1857 2857 pas-

1057 2864 1118 2921 sa
1138 2860 1197 2908 sc.
1225 2877 1351 2924 querl
1364 2861 1497 2924 plitra
1518 2879 1534 2907 .·
1554 2860 1634 2907 οὐδ’
1652 2863 1716 2907 ὲίοι
1733 2860 1854 2906 >enal-

1073 2946 1124 2972 ειν
1154 2925 1288 2974 Iliad.
1312 2948 1355 2979 η,
1394 2942 1505 2988 427.
1577 2924 1759 2987 Semper
1778 2928 1857 2968 au'·

1074 3000 1164 3036 tem
1198 2991 1315 3049 apud
1341 2988 1531 3036 Homer.
1571 2992 1638 3052 ἔᾷν
1659 3004 1763 3035 cum
1783 2986 1855 3032 in-

1075 3053 1285 3112 finitivo3
1339 3069 1427 3099 non
1451 3052 1556 3100 cum
1591 3049 1852 3117 participia*

1144 3121 1252 3183 387.
1278 3121 1385 3179 388.
1430 3117 1618 3165 Ornate.
1686 3115 1732 3161 Ο
1778 3131 1854 3162 ca-

1075 3197 1176 3229 rum
1198 3195 1242 3229 te
1264 3180 1449 3246 superis,·
1485 3196 1588 3228 cum
1611 3179 1854 3242 Carthagiss

1074 3263 1177 3293 nem
1204 3246 1375 3293 delatus
1408 3244 1487 3291 fis!
1524 3243 1741 3309 Exprefflt
1778 3259 1857 3289 au—

1073 3324 1164 3358 tem
1187 3310 1322 3367 illud,
1336 3310 1459 3373 quod
1475 3308 1714 3374 aliquoties
1732 3307 1853 3371 apud

1073 3374 1356 3422 Homerum:
1412 3377 1439 3420 ἑ
1478 3372 1669 3439 «γὰςοὸἵω
1708 3375 1767 3420 Οὕ-
1810 3388 1859 3419 σε

1073 3438 1170 3489 θεῶν
1189 3443 1331 3488 ἀέκητι
1361 3438 1553 3496 ’γενέσθαι
1584 3460 1630 3486 τε
1654 3442 1859 3502 τξοιφέμεν

1594 3502 1757 3551 vitales
1777 3521 1857 3554 au-

1074 3589 1145 3620 ras
1165 3584 1221 3619 ex
1243 3568 1432 3632 antiquo
1466 3567 1668 3622 sermone
1704 3565 1857 3620 habet,

1743 3646 1784 3680 v.
1809 3645 1854 3677 c.
