2372 4030
535 730 1470 841 DISQUISITIO
1545 740 1604 818 1.

239 884 377 959 DE
430 887 893 959 CARMINE
946 889 1233 956 EPICO
1290 893 1890 968 VIRGILIANO.

241 1150 407 1256 DE
453 1186 716 1253 carmine
748 1185 913 1275 epico
939 1184 1232 1253 universe
1282 1188 1492 1253 multa
1543 1186 1890 1278 disputare,

162 1325 164 1327 ’
201 1346 207 1354 --
239 1315 522 1369 ευτηῐοῐῑ
553 1297 911 1367 habeamus
948 1301 1172 1378 libros,
1221 1301 1290 1367 in
1344 1301 1581 1390 quibus
1638 1301 1894 1391 copiose

237 1431 303 1483 et
359 1430 651 1483 accurate
700 1415 782 1482 de
840 1438 921 1480 eo
980 1429 1385 1505 praeceptum
1439 1414 1554 1492 est,
1629 1430 1690 1479 et
1739 1438 1893 1481 curn

206 1531 432 1621 pauci
463 1530 609 1607 fint,
661 1529 903 1620 quibus
962 1529 1288 1619 expediat,
1337 1544 1408 1594 ut
1457 1529 1524 1593 in
1553 1530 1893 1619 praeceptis

236 1644 350 1712 diu
380 1645 809 1722 detineantur,
846 1644 1073 1709 inutile
1106 1641 1228 1707 esse
1261 1642 1555 1708 arbitror.
1655 1642 1893 1734 Neque

233 1758 436 1824 etiam·
462 1759 608 1824 talis
665 1756 1014 1847 disputatio
1062 1756 1268 1822 ullam
1300 1754 1379 1819 ad
1412 1753 1892 1821 adolescentum

232 1872 491 1937 animos
548 1868 780 1936 habere
828 1868 1035 1960 potest
1087 1869 1226 1933 vim
1274 1882 1383 1933 aut
1428 1867 1631 1932 ullam
1672 1866 1891 1937 afferre.

232 1985 604 2059 utilitatem,
653 1983 772 2049 nifi
829 2007 961 2050 uno
1003 1982 1144 2072 jam
1199 1982 1303 2048 vel
1353 1982 1554 2047 altero
1610 1984 1892 2048 carmine

200 2099 420 2191 ··epico
452 2099 740 2190 perlee’to
789 2096 1129 2187 diligenter
1184 2111 1246 2162 et
1302 2095 1495 2162 doete
1549 2113 1837 2164 enarrato
1863 2129 1886 2174 ς

199 2259 203 2264 ,
231 2236 521 2280 ne‘nunc
551 2211 714 2281 illud
748 2233 1078 2288 moneam,
1129 2210 1466 2300 praeceptis
1500 2208 1632 2275 istis
1666 2224 1727 2273 et
1761 2207 1890 2273 dis-

198 2315 678 2417 putationibus
758 2323 1030 2418 omnino
1107 2323 1254 2414 plus
1332 2322 1630 2413 promitti
1686 2346 1887 2411 quam

192 2439 541 2532 —praestarL
648 2439 963 2529 Pleraque
1033 2438 1236 2514 enirn,
1317 2461 1466 2526 quae
1542 2437 1888 2503 utilitatem

228 2555 560 2644 aliaquam
622 2551 888 2629 habent,
942 2551 1092 2618 talia
1147 2549 1319 2628 sunt,
1371 2567 1443 2616 ut
1493 2549 1572 2615 ab
1626 2550 1886 2639 ingenio

229 2669 620 2746 liberaliore,
670 2667 783 2735 ubi
815 2689 985 2733 unus
1017 2665 1122 2755 vel
1153 2667 1310 2731 alter
1339 2672 1533 2755 po‘e’ta
1562 2665 1885 2754 perleetus

183 2788 186 2795 ’
225 2783 452 2863 fuerit,
484 2785 633 2863 vel,
685 2784 948 2850 nemine
982 2794 1317 2858 monente,
1370 2779 1559 2846 facile
1591 2778 1883 2844 animad-

208 2914 601 2977 'venantum
653 2898 836 2964 vanis
876 2913 1095 2963 autem
1138 2911 1200 2960 et
1234 2893 1532 2959 inanibus
1565 2890 1885 2958 subtilita-

229 3012 496 3082 tibusset
528 3012 791 3104 argutiis
827 3027 979 3078 aetas
1010 3011 1121 3076 illa
1151 3009 1385 3076 melius
1413 3021 1605 3073 caret.
1703 3004 1885 3069 Tum

229 3126 678 3204 utilitassilla,⁴
711 3138 913 3216 quam
969 3124 1298 3216 praestant,
1352 3124 1518 3200 intra
1555 3117 1883 3209 judicium

195 3239 311 3311 ade
357 3240 637 3306 aliorum
684 3219 1099 3330 ingeniorum
1164 3234 1607 3302 monumentis
1659 3230 1889 3321 quale·-

226 3376 489 3444 cunque
536 3351 879 3420 ferendum
931 3349 1244 3426 subfistit3
1295 3363 1367 3414 ut
1422 3347 1470 3412 ii
1527 3330 1706 3422 verov
1765 3345 1883 3434 qui

87 3480 90 3483 ’
194 3467 476 3562 *nigenii
524 3465 620 3535 sui
668 3469 835 3542 vires
881 3467 1006 3562 ipfi
1052 3465 1400 3559 experturi.
1425 3462 1593 3540 sunt
1644 3484 1724 3533 ex
1755 3459 1881 3537 illis

1338 3564 1892 3668 praeceptionibus·

237 3626 305 3646 υἷ’,
