2372 4030
510 361 755 413 Lxxvr
851 338 1222 427 DISQII.
1271 337 1404 406 DE
1447 339 1665 408 RER.
1695 340 1799 408 IN
1827 342 2024 412 AEN.

511 518 730 614 ipsum
766 531 921 585 cum
953 514 1254 585 Anchise.
1272 514 1398 584 effe
1430 516 1782 610 congress‘a,
1830 520 2014 612 quod
2046 544 2165 589 au-

512 636 742 714 dierat,
780 631 988 701 -fatale
1017 627 1166 710 effe,
1199 628 1300 707 ut,
1351 630 1700 701 Priamidis
1731 637 1985 717 excifiS,
2018 662 2166 732 reg-

509 775 678 820 num
727 749 794 816 T
796 752 955 841 rojae
1018 744 1102 814 ad
1150 742 1462 814 Anchisae
1509 744 1782 838 stirpem
1810 749 2169 842 aliquando

510 865 768 935 rediret.
865 863 1045 935 Nato
1097 862 1322 953 itaque
1354 863 1596 939 AEnea,
1644 884 1806 930 reum
1861 866 1924 932 ei
1972 867 2169 935 vellet

509 1004 792 1073 regnum
825 977 1147 1047 maturius
1180 999 1428 1069 parare,
1482 975 1702 1044 Paridi
1741 976 1857 1044 illa
1888 978 2167 1046 Helenae

511 1117 804 1163 amorem
843 1093 1176 1165 instillavit
1223 1092 1612 1185 bellumque
1662 1093 2040 1172 concitavit,
2090 1111 2168 1162 ut

511 1207 760 1277 Priami
788 1207 980 1300 stirps
1012 1223 1194 1273 tanto
1218 1205 1486 1278 celerius
1511 1205 1940 1275 excideretur.
1991 1207 2170 1275 Fue-

507 1337 687 1398 runt,
736 1322 878 1413 qui,
926 1344 1082 1388 curn
1117 1321 1406 1396 AEneam
1437 1321 1508 1390 in
1531 1322 1674 1389 aliis
1706 1323 1925 1415 potius
1956 1321 2166 1402 terriS,

511 1458 716 1528 quam
738 1437 808 1502 in
833 1435 939 1502 Ilii
970 1435 1104 1502 solo
1132 1438 1378 1528 aequati
1410 1438 1642 1514 ruiniS,
1668 1461 1969 1528 vregnum
2004 1460 2169 1504 con-

509 1548 737 1617 didisse
790 1551 1087 1631 mallent,
1138 1553 1638 1644 interpolatione
1691 1551 1867 1623 faeta
1905 1565 2172 1622 πάντεσσιν

508 1686 631 1755 pro
654 1674 920 1750 Τρωέσσιν,
971 1659 1043 1726 in
1069 1657 1229 1725 duas
1274 1675 1488 1749 partes
1519 1667 1784 1752 poetam
1817 1663 2165 1734 traherent.

508 1777 653 1848 Alii
700 1772 1029 1843 diversum
1073 1774 1153 1841 ab
1210 1773 1522 1844 Anchisae
1578 1777 1985 1869 Venerisque
2026 1777 2170 1846 filio

443 1956 444 1959 ,
509 1894 801 1962 AEneam
834 1889 1022 1960 fuiffe
1052 1889 1415 1958 statuebant
1432 1920 1457 1967 3
1504 1908 1680 1959 erant
1710 1917 2004 1985 quoque,
2052 1895 2171 1986 qui

510 2006 594 2073 de
624 2022 807 2098 patre
838 2006 1010 2072 male
1040 2022 1487 2072 memoratum
1517 2006 1827 2086 dicerent,
1878 2009 2063 2100 quod
2086 2008 2170 2078 ad

511 2120 871 2190 Ascanium
927 2119 1075 2188 effet
1137 2120 1577 2188 revocandum
1595 2152 1621 2198 3
1715 2122 1828 2188 alii
1882 2121 2173 2213 denique

512 2237 790 2305 AEneam
821 2235 1012 2304 rebus
1043 2236 1113 2304 in
1147 2237 1332 2305 Italia
1349 2236 1717 2305 constitutis
1745 2237 2021 2329 Trojam
2045 2235 2168 2310 esse

510 2350 837 2420 reversum
869 2374 952 2418 ex
982 2351 1218 2421 eodem
1248 2353 1366 2421 illo
1397 2354 1544 2421 loco
1566 2351 1683 2423 fibi
1703 2338 2165 2444 persuaserant.

510 2488 580 2533 v.
617 2465 898 2559 Dionys.
924 2467 1142 2536 Halic.
1178 2469 1234 2546 I,
1264 2492 1302 2558 5
1314 2491 1380 2559 3.
1480 2472 1702 2556 Qam
1720 2466 2038 2536 celebrata
2059 2466 2168 2534 in-

509 2596 609 2648 ter
637 2597 880 2649 veteres
913 2598 974 2649 et
993 2584 1231 2652 nobilis
1265 2585 1490 2652 debuit
1520 2582 1642 2654 effe
1673 2581 1978 2660 narrati0,
2010 2570 2167 2674 quae

512 2718 671 2764 cum
733 2713 909 2768 tanta
968 2704 1366 2794 opinionum
1417 2705 1723 2775 varietate
1774 2702 1844 2774 in
1886 2696 2168 2774 diversas

512 2825 726 2911 partes
755 2818 1175 2888 tradtaretur!

602 3041 833 3123 Strabo.
858 3049 1131 3147 quidem
1157 3052 1409 3144 vulgari
1434 3049 1788 3123 narrationi
1815 3046 1896 3115 de
1926 3047 2165 3114 AEneae

511 3157 836 3234 erroribus
898 3177 962 3237 et
1022 3164 1227 3240 Italiae
1277 3166 1464 3236 aditu
1501 3165 1777 3236 omnino
1810 3181 2168 3252 repugnare

509 3265 734 3337 locum
767 3270 1202 3342 Homericum
1232 3273 1679 3354 existimabam
1729 3274 1802 3343 in
1832 3271 1960 3341 hoc
1984 3272 2166 3340 enim
2211 3316 2213 3318 -

509 3378 728 3462 innui,
777 3385 1067 3465 AEneam
1098 3388 1179 3455 ad
1207 3390 1497 3482 Trojam
1537 3388 1622 3486 (ἐν
1649 3411 1722 3477 τῆ
1742 3395 1917 3492 Τροίᾳ)
1966 3408 2166 3457 man-

511 3490 678 3580 fiffe,
726 3497 797 3575 in
827 3523 1105 3594 regnum
1136 3503 1480 3587 succeffiffe
1511 3506 1715 3604 idque
1743 3509 2014 3605 posteris
2035 3507 2169 3577 suis

716 3620 719 3623 ¹
1809 3625 2165 3729 reliquisse.
