2372 4030
602 308 1126 383 AENEIDOS,
1198 285 1531 374 LIB.1.‘
1603 347 1606 350 <
1772 334 1842 397 55
1914 313 1917 315 ’

216 475 575 556 Harpalyce,
596 476 1012 556 volucremque
1037 476 1179 557 fuga
1205 481 1582 558 praevertitur
1598 483 1852 546 Eurum.-

209 634 364 695 Georg.
384 643 434 691 11,
451 641 551 695 506)
577 641 782 695 ingeniosa
800 641 855 680 est
884 641 1110 686 emendatio
1131 641 1360 682 Marklandi
1393 643 1442 682 ad
1467 645 1581 685 Statii
1601 647 1694 685 Silv.
1725 651 1779 702 VJ,
1810 661 1850 699 2,

213 706 307 746 118.
361 709 612 748 Burmannus
633 719 724 746 eam
742 705 783 745 h.
801 705 827 746 l.
841 706 1027 758 exagitat,
1055 706 1163 757 quod
1183 706 1231 746 de
1259 707 1396 758 Tyriis
1415 708 1567 747 colonis
1584 712 1732 750 AEneas
1750 725 1848 751 non-

213 769 311 815 dum
330 771 481 826 aliquid
502 770 677 825 cogitare
696 779 854 824 poterat
870 786 882 818 ;
914 773 1117 824 Spartanae
1137 780 1272 810 autern
1291 771 1356 810 vel
1374 772 1565 811 Threiffae
1584 774 1748 826 virginis
1766 777 1849 828 spe-

214 834 294 890 eies
311 848 518 889 occurrere
530 835 617 888 ,jam
635 843 729 881 ante
741 835 885 890 AEneae
905 833 1111 873 debuerat.
1168 837 1230 873 De
1252 837 1443 887 Spartana
1463 846 1596 875 tamen
1617 851 1697 876 non
1718 839 1849 878 minus

214 897 396 938 dubitare
416 899 523 947 licet,
552 912 604 938 an
622 889 775 951 uspiam
796 899 934 936 AEneae
955 897 1036 936 visa
1056 896 1188 936 fuerit.
1247 899 1463 937 Enimvero
1482 901 1597 951 peota
1616 913 1695 938 non
1721 901 1854 940 decla-

205 970 288 1010 rat,
299 962 458 1014 qualem
476 961 547 1002 fibi
566 963 716 1002 AEneas
734 961 818 1001 deae
837 960 1007 1013 speciem
1026 961 1161 999 animo
1173 974 1278 999 nunc
1297 961 1482 1010 finxerit3
1509 962 1574 1001 sed
1593 962 1732 1002 leetori
1754 964 1851 1003 deli-

182 1034 185 1036 ’
211 1037 305 1066 neat
323 1016 498 1070 formam
517 1034 557 1066 et
574 1025 759 1066 habitum
777 1024 959 1071 Veneris,
975 1025 1133 1076 qualem
1153 1024 1278 1063 lector
1294 1026 1361 1064 suo
1381 1026 1513 1064 animo
1534 1040 1621 1064 eam
1641 1029 1853 1079 repraesen-

209 1095 296 1131 tare
318 1081 387 1130 fibi
403 1087 557 1130 debeat.
614 1086 841 1127 Marklandi
862 1095 996 1126 autem
1016 1087 1241 1128 emendatio
1257 1088 1390 1127 locum
1425 1089 1542 1127 habet
1562 1089 1715 1128 nullum
1733 1104 1852 1143 prop·

208 1155 333 1203 t‘e‘rea,
357 1153 470 1206 'q'u'od
499 1151 628 1204 'ipsam
658 1149 1000 1203 comparationem
1032 1150 1203 1202 jugulat.
1262 1152 1517 1203 Spartanarum
1553 1152 1756 1203 virginum
1787 1153 1852 1192 vel

207 1214 497 1255 Thracicarum
515 1214 655 1254 fortnae
672 1212 906 1265 habitusque
927 1212 1114 1251 notissimi
1134 1213 1223 1253 sunt
1240 1228 1251 1262 ;
1279 1214 1342 1253 his
1364 1215 1488 1266 igitur
1506 1214 1565 1252 uti
1580 1215 1716 1254 debuit
1736 1219 1852 1268 poeta

209 1279 262 1319 ad
280 1278 562 1320 declarandum
578 1278 635 1327 id,
650 1277 758 1332 quod
776 1290 848 1330 per
867 1277 906 1316 se
926 1277 1095 1329 sensibus
1114 1277 1283 1330 legentis
1300 1278 1436 1331 subjici
1455 1278 1545 1317 satis
1564 1278 1665 1328 clare
1685 1293 1764 1319 non
1780 1294 1851 1333 po-

208 1349 326 1385 terat.
380 1341 491 1382 Infra
510 1351 646 1382 autem
662 1344 814 1389 Venus,
841 1354 891 1380 ne
921 1343 994 1381 dea
1017 1342 1258 1390 crederetur,
1287 1343 1395 1381 reae
1426 1343 1464 1381 se
1483 1343 1653 1393 Tyriam
1674 1344 1850 1396 aliquam

203 1407 385 1462 puellam
399 1404 581 1446 fimulare
600 1414 773 1459 poterat,
800 1417 891 1444 cum
907 1406 993 1458 jam
1025 1405 1249 1457 expositura
1280 1405 1389 1453 effer,
1416 1406 1484 1457 qui
1517 1405 1651 1452 effent,
1678 1408 1745 1458 qui
1765 1410 1852 1447 haec

205 1475 292 1515 loca
310 1470 549 1510 incolerent.
611 1467 782 1523 Τύνεξβῖι,
810 1472 977 1523 &edo-m,
1009 1470 1170 1522 Θςῆσσα,
1212 1468 1381 1523 Θςὲῗισσα,
1412 1478 1457 1508 ut
1479 1471 1589 1523 Θξάξ,
1625 1471 1743 1524 Θρῆιξ.

202 1546 302 1590 317.
332 1532 382 1575 al.
405 1535 594 1587 Arpalyce.
652 1527 864 1586 Harpalice.
921 1533 1000 1573 Sed
1019 1532 1074 1573 est
1091 1532 1321 1587 Ἃξ-πάλύκπ.
1378 1536 1476 1572 Mox
1501 1533 1627 1586 vulgo
1643 1522 1855 1586 legebatur

202 1760 343 1793 more.
425 1735 535 1792 Hoc
577 1743 804 1791 structurae
839 1743 987 1790 forma

187 1803 409 1871 'variavih
476 1805 549 1856 De
570 1807 885 1872 Spartanarum
903 1825 984 1871 pu-

193 1874 387 1920 ·el'larum
444 1872 786 1928 exercitatione,
849 1889 985 1934 quam

96 1964 115 1990 χ
199 1938 290 1984 ¹huc
324 1949 487 1986 vocant
519 1937 798 2000 interpretes,
853 1937 985 1998 palae-

198 2001 332 2050 strica
355 2014 459 2050 nota
483 2018 563 2063 res·
629 2000 874 2047 Enimvero
889 2013 984 2048 tum

199 2068 327 2114 nudae
346 2078 491 2121 erant,
525 2081 576 2112 ut
593 2076 663 2111 tot
685 2065 788 2110 loca
824 2064 986 2113 docere

196 2131 402 2195 poffunt5
435 2132 505 2178 vel
526 2128 753 2177 Plutarchi
777 2127 856 2175 ille
874 2130 985 2176 clas-

199 2195 312 2244 ficus
332 2196 380 2243 in
403 2196 617 2259 Lycurgo
637 2211 686 2258 p.
700 2211 759 2258 47
788 2191 840 2241 F.
873 2205 984 2241 et—

199 2261 323 2309 More
344 2273 429 2309 tuae
440 2270 577 2325 gentis
596 2261 731 2307 nitida
746 2260 843 2304 dum
862 2258 985 2305 nuda

189 2324 398 2389 palaestra
417 2327 564 2381 Ludis,
599 2323 723 2370 Paris
764 2321 822 2368 ad
846 2321 984 2368 Hele-

197 2406 304 2437 nam
342 2390 464 2453 apud
498 2387 644 2436 Ovid.
677 2386 815 2450 Epist.
840 2386 983 2444 XVI,

203 2462 309 2516 149.
343 2455 406 2503 cf.
441 2440 640 2519 Propeft.
678 2450 772 2508 111,
813 2467 889 2514 14,
940 2469 983 2508 1,

198 2518 280 2578 ubi
301 2518 521 2583 v.'1ntpp.
545 2530 591 2565 et
613 2517 756 2580 Crag.
797 2517 854 2563 de
887 2532 982 2579 rep.

197 2581 478 2642 Laced.·,lib.
501 2583 594 2630 III.
633 2592 668 2629 t.
708 2597 756 2644 9.
799 2579 900 2627 inst.
933 2598 981 2643 4.

196 2645 253 2693 In
277 2648 424 2694 nostro
445 2659 595 2695 autem
636 2650 776 2709 po'eta
819 2644 984 2691 vestitae

195 2709 291 2758 iuae
309 2710 408 2758 sunt
419 2724 464 2759 et
476 2727 583 2759 arcu
600 2711 892 2774 pharetraque
912 2708 983 2755 in-

193 2775 380 2828 struclae.
446 2774 605 2839 Itaque
622 2775 680 2822 ad
697 2789 983 2838 communem

193 2839 349 2902 potius
389 2840 636 2906 puellarum
691 2839 982 2891 Laeaenarum

195 2903 405 2954 habitum
438 2905 526 2952 erit
546 2902 846 2959 referendum,
878 2918 981 2949 cum

195 2967 410 3018 militaria
448 2985 584 3035 opera
624 2968 880 3020 tractarent,
915 2978 980 3012 at-

194 3047 283 3095 que
313 3031 420 3080 ideo
439 3032 655 3081 brevibus
684 3030 868 3086 tunicis,
902 3029 980 3076 iis-

193 3111 284 3159 que
321 3095 381 3144 ad
422 3097 570 3145 femur
594 3096 747 3160 'usque
787 3094 981 3150 diffutis,

166 3199 168 3211 2
192 3163 442 3219 uterentur,
478 3174 529 3208 ut
545 3161 717 3219 nudum
752 3160 902 3210 ,femur
931 3157 981 3204 in

194 3224 362 3277 inceffu
382 3235 612 3290 appareret
640 3225 779 3290 (unde
800 3236 982 3285 φαινομη-

192 3288 299 3354 ςίδες
319 3290 548 3354 Spartanae
607 3289 761 3346 uellae3
813 3304 898 3351 qua
922 3287 981 3335 de

194 3371 246 3402 re
278 3354 369 3402 loe.
411 3354 528 3402 class‘.
604 3353 796 3426 huarch.
819 3353 867 3400 in
889 3351 982 3414 Ly-

137 3517 151 3522 ,
193 3417 782 3547 ᾙξεεξξὲόεςξςῗςῐτ.
798 3417 982 3529 25:¹5&

189 3556 242 3596 et·
261 3546 340 3596 hic
375 3545 601 3609 Cer-dam,
659 3545 822 3599 Pollux
856 3543 980 3603 VII,

1664 1599 1713 1636 H
1709 1600 1821 1638 chrum
1832 1618 1848 1644 ‚-

1075 1759 1151 1807 ςς.
1186 1742 1300 1790 adde
1326 1743 1474 1792 clem.
1500 1727 1721 1802 A1ex211,
1763 1744 1853 1791 1>ae-

1073 1810 1178 1871 dag.
1224 1812 1318 1867 10).
1385 1808 1479 1856 Hic
1514 1821 1680 1865 tamen,
1715 1810 1853 1873 idque

1074 1871 1383 1919 observatione
1419 1874 1630 1937 dignum3
1678 1877 1734 1920 ab
1777 1892 1851 1931 eo,

1071 1936 1344 1996 potissimum
1378 1938 1587 1999 Spartana
1628 1939 1755 2003 virgo
1778 1940 1854 1984 de-

1075 1997 1289 2061 fignatur,
1321 2003 1444 2064 quod
1478 2018 1627 2048 arcum
1660 2020 1761 2049 cum
1786 2005 1852 2049 sa·-

1072 2064 1204 2124 gittis
1243 2065 1394 2127 gerit3
1437 2077 1482 2112 et
1518 2067 1746 2128 probabile
1784 2068 1851 2125 fit,

1071 2129 1239 2189 puellas
1263 2131 1498 2191 Spartanas
1540 2130 1848 2179 venationibus

1071 2207 1250 2255 quoque
1271 2210 1450 2256 operam
1481 2194 1660 2242 dedisse.
1729 2195 1852 2243 Nam

1072 2271 1201 2303 coma
1223 2258 1363 2304 soluta
1385 2259 1440 2304 ad
1463 2275 1534 2305 eas
1555 2276 1644 2304 non
1665 2259 1691 2304 s
1683 2262 1825 2322 pectat
1836 2281 1850 2317 3

1072 2319 1104 2365 fi
1125 2323 1195 2367 vel
1218 2322 1463 2369 Horatium
1488 2323 1741 2370 memineris
1760 2341 1771 2370 :
1806 2335 1851 2370 in

1069 2399 1236 2433 comtum
1257 2389 1456 2434 Lacaenae
1477 2407 1582 2434 more
1610 2406 1764 2434 comam
1792 2409 1853 2435 re-

1068 2449 1209 2512 ligata
1231 2455 1375 2508 nodam
1396 2451 1459 2507 II,
1493 2451 1646 2498 Carm.
1678 2469 1692 2499 1
1710 2468 1751 2505 1,
1789 2469 1812 2498 2
1821 2471 1847 2513 3

1071 2514 1226 2576 (quem
1259 2516 1408 2562 locum
1439 2515 1652 2562 intactum
1673 2518 1755 2563 effe
1786 2534 1851 2563 re-

1069 2577 1367 2641 linquendum
1389 2585 1632 2644 putamus).
1683 2578 1849 2642 Threyss

1052 2646 1114 2702 sa
1139 2644 1391 2707 Harpagyce.
1419 2671 1422 2674 <
1457 2643 1506 2689 Si
1548 2643 1733 2691 omnino
1767 2661 1848 2707 pu-

1068 2706 1154 2752 ella
1178 2707 1363 2754 Thressa
1398 2720 1734 2764 memoraretur,
1788 2710 1847 2755 de

1071 2771 1308 2817 Amazone
1330 2772 1424 2818 haec
1454 2771 1697 2833 acciperem
1720 2788 1732 2818 ;
1778 2773 1843 2821 cf.

1068 2834 1154 2883 inf.
1174 2836 1231 2881 ad
1260 2835 1343 2882 lib.
1370 2836 1461 2889 XI,
1480 2840 1588 2900 659.
1638 2835 1764 2882 Idem
1785 2837 1846 2883 se-

1068 2915 1241 2961 querer,
1275 2901 1306 2946 fi
1327 2900 1385 2946 de
1415 2899 1671 2963 Harpalyce
1704 2901 1844 2947 Ama-

1067 2979 1182 3010 zone
1203 2963 1314 3010 mihi
1336 2964 1565 3010 constaret.
1649 2962 1848 3010 Caetero-

1067 3027 1147 3091 qui
1170 3027 1427 3092 Harpalyces
1451 3028 1500 3073 in
1523 3026 1693 3074 vetustis
1714 3027 1842 3073 fabu-

1066 3091 1122 3138 lis
1144 3103 1300 3138 notum
1324 3108 1500 3139 nomen.
1566 3090 1673 3137 Alia
1705 3092 1764 3138 est
1786 3092 1843 3137 ab

1066 3154 1246 3218 Iphiclo
1264 3155 1424 3219 spreta,
1457 3171 1482 3200 a
1514 3169 1603 3215 qua
1623 3155 1846 3202 cantilena

1065 3219 1305 3283 Harpalyce
1321 3218 1457 3284 difla-
1522 3217 1595 3264 Ex
1613 3217 1844 3265 Aristoxe-

1064 3282 1114 3329 ni
1137 3285 1397 3342 ὑπομνήμασι
1420 3292 1568 3328 narrat
1603 3282 1843 3330 Athenaeus

1065 3346 1210 3404 XlV,
1235 3364 1260 3409 3
1284 3364 1330 3411 p.
1353 3347 1461 3410 619.
1486 3343 1537 3392 F-
1603 3345 1710 3394 Alia
1731 3348 1844 3408 Cly.

1064 3412 1184 3460 meni
1228 3412 1341 3466 filia,
1373 3411 1429 3456 de
1462 3424 1550 3472 qua
1582 3425 1638 3456 ex
1662 3409 1844 3474 Eupho-

1061 3476 1190 3523 sione
1230 3473 1492 3535 Parthenius
1514 3472 1687 3522 Erotic.
1712 3491 1754 3521 c.
1785 3489 1839 3536 13

1060 3550 1225 3588 narrat.
1293 3537 1389 3606 Hic
1410 3537 1561 3595 tertia,
1592 3538 1743 3603 paullo
1759 3553 1842 3595 no-

1127 3603 1176 3650 D
1200 3618 1227 3651 2
1749 3601 1843 3651 tior
