2372 4030
309 293 441 362 DE
485 290 798 373 CARM.
852 291 1132 360 EPICO
1179 295 1542 367 VIRGIL.
1625 326 1828 374 anr

188 477 585 566 attingemus
605 476 673 551 ³¹⁶,
731 472 847 563 qui
882 460 1250 562 perfeetum
1283 477 1505 566 legum
1537 478 1831 550 ferenda-

189 615 339 661 rum
371 591 654 657 auc'toris
699 587 1036 677 exemplar
1085 589 1154 653 in
1196 589 1406 655 AEnea
1452 592 1827 665 exhibitum

188 705 314 774 effe
344 729 379 772 a
411 703 607 795 poeta
652 702 860 769 voluit
872 732 893 778 3
946 702 1278 791 imprimis
1320 727 1473 769 cum
1511 707 1637 772 alio
1681 711 1827 776 loco

194 821 307 914 (ad
334 822 485 889 Lib.
515 821 637 899 VI,
676 819 841 886 Exc.
881 816 975 910 X)
1011 842 1158 883 eam
1182 819 1563 909 opinionem
1595 824 1825 912 attige-

188 954 423 1005 rimus.

285 1158 580 1237 AEneid‘is
609 1174 1085 1257 'argumentum
1119 1164 1187 1229 i'n
1204 1161 1560 1254 'septimum
1580 1185 1825 1234 annum

164 1280 491 1375 produci,
551 1279 663 1345 alii
720 1292 878 1342 cum
939 1274 1427 1367 reprehensione
1489 1296 1820 1347 monuere.

186 1399 540 1488 >perperam
572 1396 825 1485 utique.
922 1394 1154 1459 AEneae
1185 1417 1424 1460 errores
1450 1392 1690 1485 septem
1712 1421 1828 1462 an·-

188 1535 309 1578 nos
338 1511 595 1601 explere
617 1507 1019 1576 veriffimum
1064 1508 1155 1573 est
1183 1506 1278 1599 (v.
1316 1507 1586 1576 Excurs.
1624 1511 1710 1576 ΙΙ.
1745 1510 1827 1584 ad

119 1620 121 1624 ’
188 1625 306 1691 lib.
369 1622 533 1716 III).
654 1622 777 1688 Sed
821 1621 960 1713 ⁴ipsa
1011 1622 1317 1688 carminis
1371 1631 1640 1687 narratio
1695 1648 1827 1690 non

188 1737 312 1804 nifi
358 1763 490 1804 cum
517 1737 781 1827 septimi
829 1738 985 1802 a'nm'
1032 1737 1235 1825 cest-ate
1285 1736 1587 1801 exordium
1647 1738 1829 1803 habet

193 1852 295 1945 (v.
328 1851 488 1918 ibid.
521 1874 674 1941 pag.
711 1873 778 1937 5.
806 1850 888 1942 6)
924 1851 1224 1941 eodemque
1256 1875 1411 1915 anno
1460 1851 1821 1937 absolvitur.

188 1970 340 2038 Pari
365 1993 570 2035 errore
595 1967 1370 2061 Odyffeae‘argumentum
1390 1969 1567 2043 οὲὶο,
1588 1981 1826 2031 novem

92 2150 98 2153 ,
190 2085 298 2152 vel
323 2082 572 2159 decem,
625 2081 811 2147 annis
850 2078 1317 2170 comprehendi
1357 2078 1676 2144 creditum
1710 2079 1823 2157 est,

192 2210 347 2268 cum
379 2211 597 2262 tamen
624 2192 970 2259 illudintra
992 2193 1261 2283 triginta
1289 2191 1403 2257 sex
1437 2192 1536 2258 vel
1581 2190 1825 2280 septem

193 2308 331 2379 dies
363 2310 443 2376 ad
468 2311 722 2376 exitum
748 2307 1012 2400 perduci
1038 2299 1464 2388 ,manifestum
1492 2306 1564 2374 fit
1590 2308 1675 2384 ei,
1712 2308 1827 2398 qui

192 2426 489 2493 animum
520 2424 886 2493 adverterit.

193 2672 202 2705 4
290 2641 511 2754 XVII}
566 2654 793 2726 Multo
843 2652 1168 2722 minorem
1223 2651 1346 2722 effe
1386 2653 1827 2747 εῶαναὲῐενιᾳηι,

194 2775 324 2844 hoc
351 2775 464 2850 est,
507 2775 800 2846 virorum
854 2769 1046 2839 saffris
1077 2793 1149 2843 ac
1178 2769 1521 2836 virtutibus
1563 2767 1828 2858 insigni-

195 2895 339 2962 um,
360 2909 707 2956 numerum
737 2910 812 2961 ac
827 2884 1197 2952 varietatem
1227 2883 1294 2947 in
1325 2880 1603 2946 AEneide
1629 2903 1829 2969 quam

194 2999 269 3066 in
293 2998 494 3064 Iliade
523 3013 1007 3092 conqueruntur
1036 2993 1266 3087 paffim
1290 2994 1482 3060 multi
1501 3024 1523 3067 ,-
1558 3014 1672 3057 nec
1699 2990 1827 3055 fine

195 3110 416 3204 po'etae
479 3110 967 3202 reprehenfione
1026 3106 1241 3175 versus
1314 3120 1674 3170 memorant
1744 3125 1826 3167 ex
1922 3169 1945 3188 ,

119 3269 127 3274 ··
197 3224 357 3292 AEn
393 3224 449 3301 Ι,
503 3245 636 3294 220
682 3225 831 3318 sqq.
863 3227 1218 3331 sortemque
1264 3222 1461 3314 Gyam
1481 3220 1836 3307 fortemque.

144 3343 620 3421 Cloanthum;
667 3341 891 3431 inique
922 3335 1282 3405 admodum
1328 3348 1390 3398 et
1429 3346 1502 3398 ut
1532 3328 1649 3395 fibi
1676 3325 1824 3418 ipfi,

201 3462 211 3475 .,
267 3495 319 3532 ό
326 3499 511 3557 Divine
532 3496 741 3563 Legatibn
773 3500 830 3562 of
849 3495 928 3544 M
906 3497 986 3573 ſss
1011 3492 1067 3543 T.
1097 3490 1141 3549 I,
1166 3491 1225 3541 Β
1242 3490 1316 3548 II,
1350 3488 1461 3539 Sec‘l.
1484 3486 1569 3538 IV.
1766 3544 1826 3613 d

344 3604 351 3612 .
475 3583 518 3636 2
1666 3570 1780 3642 (ΙΙ-Π
