2294 4030
518 390 640 451 210
756 384 825 445 P.
886 381 1367 445 VIRGILII
1452 363 1948 447 MARoN1s

517 552 659 635 Qo
682 573 770 613 res
796 552 1027 613 summa
1068 553 1222 636 loco,
1262 551 1539 613 Panthu?
1568 573 1763 634 quam
1800 555 2150 636 prendimus

761 666 1002 726 arcem?
2034 689 2151 750 322,

518 780 638 841 Vix
665 800 733 840 ea
761 780 910 839 fatus
940 799 1120 851 eram,
1149 780 1387 859 gemitu
1413 802 1605 863 quum
1633 784 1775 843 talia
1802 783 2039 843 red-diti

517 997 579 1040 pr.
599 994 640 1026 et
660 985 780 1026 Witt.
835 986 988 1025 Eadem
1008 985 1178 1025 varietas
1196 995 1236 1026 et
1256 986 1364 1027 alibi.
1393 1000 1432 1027 v.
1450 988 1590 1029 Burm.
1645 990 1876 1044 Utrumque
1894 997 2030 1030 autem
2047 988 2159 1029 ruste

520 1048 645 1088 etiam
666 1043 708 1088 ih
728 1051 848 1103 poe‘ta
870 1043 1031 1097 dicitur,
1058 1042 1219 1104 uidetuiss
1238 1043 1375 1091 tamen
1394 1042 1531 1106 cursiem
1550 1048 1744 1094 remotius
1763 1067 1786 1092 a
1813 1053 1971 1106 vulgari
1984 1051 2163 1093 effe-au

515 1115 623 1152 litora
654 1112 977 1165 pauciffimorum
1008 1113 1204 1153 librorum
1235 1115 1397 1156 videtur
1415 1111 1492 1156 ess‘e
1511 1116 1658 1166 leeti03
1680 1130 1809 1158 unum
1836 1117 2066 1170 Hamburg.
2094 1129 2158 1170 pr.

523 1175 661 1216 laudat
681 1176 822 1217 Heins.
883 1177 1047 1224 Caeteri‚
1077 1186 1277 1231 quotquot
1297 1179 1464 1233 inspeeti
1483 1181 1587 1229 sunt,
1618 1181 1742 1221 etiam
1770 1194 1792 1221 e
1820 1180 1962 1221 nostris
1978 1193 2081 1220 unus
2099 1179 2158 1233 (in

515 1239 672 1279 duobus
702 1242 859 1291 lumina)
895 1250 935 1279 et
966 1251 1067 1281 vett.
1102 1242 1220 1290 edd.;
1248 1256 1369 1295 porro
1403 1244 1575 1292 Servius,
1606 1247 1804 1292 Donatus,
1829 1243 2090 1297 Pomponius,
2114 1243 2167 1279 ad

519 1306 644 1343 limina
660 1316 743 1355 prae
758 1303 797 1341 se
817 1303 952 1360 ferunt
969 1321 977 1342 ι
1010 1307 1119 1356 quod
1138 1306 1402 1356 adstipulante
1423 1297 1627 1347 Brunckio
1641 1309 1787 1360 recepi.
1842 1308 2033 1347 Alterum
2058 1307 2160 1361 illud

515 1380 566 1406 ex
596 1365 764 1421 sollenni
796 1364 906 1417 lapsu
933 1365 976 1404 in
1002 1366 1044 1404 h.
1064 1379 1102 1405 v.
1126 1371 1265 1405 ortum
1289 1369 1418 1407 videri
1437 1370 1579 1422 potest,
1610 1380 1649 1410 et
1669 1369 1825 1410 subiisse
1843 1371 2021 1423 primum
2038 1371 2159 1411 Aldi-

512 1442 633 1477 nam;
679 1427 786 1467 unde
824 1428 866 1467 in
905 1428 1095 1481 Juntina‚
1123 1443 1243 1482 quam
1279 1445 1327 1470 ex
1364 1431 1432 1471 illa
1474 1433 1691 1486 expreffam
1727 1433 1910 1486 conjicio,
1954 1443 1994 1474 et
2027 1434 2068 1474 in
2106 1434 2161 1474 al.

515 1493 706 1532 excusum
725 1491 856 1531 video.
903 1493 974 1545 „At
999 1506 1088 1531 eam
1109 1494 1283 1533 deseruit
1304 1495 1413 1534 Rob.
1446 1497 1635 1550 stephan.
1691 1497 1937 1537 consensum
1962 1497 2159 1538 librorum

515 1558 650 1599 firmat
682 1557 765 1610 ipsa
802 1569 941 1596 rerum
975 1558 1078 1597 ratio
1110 1568 1151 1598 et
1185 1560 1301 1600 ordo.
1369 1562 1564 1602 Nondum
1602 1562 1761 1603 confina
1797 1563 1954 1617 exsequi
1985 1573 2160 1618 coeperat

512 1625 692 1664 AEneas:
722 1623 815 1662 vide
841 1636 880 1662 v·
902 1634 1135 1675 314-317,
1161 1635 1378 1679 antequam
1398 1627 1519 1668 domo
1539 1638 1665 1677 exeat,
1693 1642 1782 1668 ecce
1800 1629 1876 1668 tibi
1905 1629 2023 1671 offert
2050 1631 2090 1669 se
2118 1629 2157 1670 ei

517 1687 716 1735 Panthus,
744 1686 813 1738 qui
834 1686 884 1725 ad
904 1687 991 1739 ejub
1009 1689 1192 1737 domum,
1219 1690 1367 1743 quippe
1387 1691 1428 1730 in
1449 1701 1605 1731 remota
1622 1692 1733 1732 urbis
1750 1702 1864 1746 parte
1898 1693 2014 1733 fitam
2043 1694 2158 1746 (vide

511 1766 551 1792 v.
569 1764 663 1808 299.
688 1753 790 1803 300)
815 1750 1084 1804 confugiebat.
1140 1755 1258 1792 Forte
1278 1764 1319 1793 et
1338 1753 1414 1794 hoc
1434 1755 1562 1809 ipsum
1581 1759 1702 1809 poeta
1722 1757 1775 1797 ad
1802 1758 1946 1798 AEneae
1963 1760 2158 1815 pietatem

510 1817 668 1864 retulit,
695 1825 740 1855 ut
760 1814 1006 1868 religionum
1027 1815 1208 1856 minister
1227 1816 1279 1856 ad
1298 1830 1392 1858 eum
1413 1819 1633 1873 confugiat.
1691 1821 1953 1875 Pomponius*
1970 1822 2056 1862 haec
2083 1823 2157 1862 ha-

507 1876 578 1922 bet
597 1894 608 1919 ε
639 1879 781 1919 limina
811 1882 923 1918 domus
956 1896 1034 1917 meae
1050 1893 1062 1918 :
1090 1883 1125 1917 in
1144 1882 1202 1918 hoc
1220 1885 1407 1921 aua‘Joritas
1425 1893 1458 1922 et
1475 1887 1624 1937 dignitas
1645 1888 1779 1925 AEneae
1791 1877 1940 1927 viditur.
1997 1876 2158 1928 Servius

504 1955 644 1985 autem
661 1957 671 1983 t
705 1946 839 1982 AEneae
856 1953 887 1982 et
906 1946 1024 1996 religio
1043 1946 1205 1983 laudatur
1223 1955 1256 1984 et
1274 1950 1402 1988 virtus.
1466 1951 1590 1988 limina
1613 1950 1741 2003 igitur
1764 1942 1846 2004 ipsa
1873 1965 1918 1991 re
1945 1939 2038 1992 satis
2055 1943 2155 1992 deff-

506 2010 608 2057 nita,
633 2009 743 2062 quod
774 2007 849 2048 fint
883 2010 1041 2047 AEneae·
1116 2007 1179 2046 Sic
1211 2010 1289 2064 XI,v
1317 2010 1410 2062 267.
1473 2008 1578 2068 Qae
1611 2027 1688 2067 pro
1722 2013 1846 2054 altera
1877 2014 2049 2055 leffione
2073 2016 2154 2056 dici

506 2071 664 2128 Pomm,
692 2086 733 2113 v.
771 2085 834 2124 ap.
872 2072 1014 2111 Burm.
1130 2083 1222 2121 322.
1257 2071 1342 2130 Qu
1371 2091 1427 2113 res
1449 2078 1491 2128 s.
1525 2078 1623 2115 loci?
1668 2090 1729 2131 pr.
1763 2067 1987 2128 Rottend.;
2013 2079 2081 2133 sed
2110 2093 2156 2124 v.

508 2140 651 2177 Burin.
707 2136 820 2177 Idem
852 2136 915 2175 vir
950 2134 1193 2175 doffiliffimus
1216 2138 1350 2190 conj.:
1380 2156 1449 2191 qua
1476 2144 1674 2194 prendimus
1692 2158 1806 2181 arcem
1820 2139 1848 2181 ?v
1870 2157 1953 2196 qua
1982 2143 2062 2192 via,
2090 2158 2156 2185 ra—

506 2203 633 2250 tione,
660 2199 711 2242 ad
730 2214 863 2240 arcem
883 2201 1093 2254 pervenire
1112 2200 1315 2254 possumus
1332 2203 1347 2242 ?
1376 2204 1483 2244 Mihi
1510 2205 1675 2258 quidem
1706 2206 1783 2246 hoc
1802 2207 1978 2247 tenuiter
1995 2203 2159 2252 dietum.

503 2267 691 2314 videtum
720 2275 760 2306 et
779 2266 843 2304 adi
861 2274 985 2305 notas,
1021 2282 1089 2317 qua
1106 2269 1268 2306 tendimus
1284 2284 1395 2308 arcem
1415 2270 1520 2325 conj.
1538 2272 1603 2324 Jo.
1623 2271 1832 2312 Schrader.
1944 2283 2040 2324 323.
2053 2288 2159 2312 eram

497 2336 642 2388 gemitu,
666 2347 740 2370 cum
773 2329 980 2383 distinguit
1006 2330 1192 2371 Leidens.

503 2498 587 2545 dos
621 2494 872 2560 Apollinis»,
904 2496 1030 2558 cujus
1066 2497 1285 2560 templum
1365 2504 1583 2542 mentum.
1669 2494 1823 2543 Etiam
1862 2509 1969 2543 mox
2009 2501 2152 2562 genus

503 2573 601 2611 erat
640 2560 687 2607 in
730 2577 850 2608 arce.⁴
917 2559 1095 2607 Ponunt
1137 2574 1285 2608 autem
1362 2559 1512 2623 primo
1534 2561 1655 2614 loc0,
1670 2566 1828 2623 sacra,
1862 2573 1908 2607 et
1930 2574 2027 2609 tum
2047 2563 2152 2610 fini-

503 2632 654 2692 poetae
697 2623 847 2688 primo
891 2624 996 2671 loco
1026 2624 1285 2682 continens,
1365 2625 1474 2681 tius,
1515 2627 1620 2682 deos,
1664 2627 1712 2674 h.
1765 2641 1807 2673 e.
1862 2625 2150 2674 fimulacrum

502 2706 718 2755 tanquam
737 2688 898 2736 latius:
933 2697 1042 2737 arcis
1058 2690 1289 2754 Phoebique
1367 2689 1614 2754 Apollinis.
1630 2689 1694 2738 ef.
1717 2707 1764 2739 v.
1787 2705 1878 2754 293
1899 2691 2034 2739 Sacra
2031 2694 2152 2754 suos-

486 2761 533 2820 s.
589 2802 596 2812 ,
633 2753 828 2802 Panthus
893 2753 1010 2800 inter
1072 2753 1289 2817 primores
1366 2756 1703 2821 que—Penates.
1788 2754 1904 2801 Non
1957 2754 2140 2820 ignoro,

502 2820 810 2882 Trojanorum
831 2818 891 2865 est
912 2817 1048 2867 Iliad.
1071 2841 1120 2878 «γ,
1160 2821 1278 2882 1463

499 2886 584 2932 filii
598 2886 691 2947 ejus
715 2881 982 2945 Polydamas
1005 2896 1050 2930 et
1073 2883 1225 2946 Eupht
1239 2901 1282 2930 r-

502 2950 604 3006 bus,
640 2947 885 3006 Πανθοΐδαι,
915 2947 1027 3012 saepe
1073 2949 1284 2996 Homero

499 3031 526 3061 c
560 3012 860 3061 mmemorati.
897 3011 1035 3060 Nunc
1081 3012 1285 3075 Othryos

500 3079 531 3127 fi
551 3078 620 3125 ius
674 3078 754 3125 ille
803 3076 969 3125 editur.
1031 3076 1286 3126 Sacerdotis

497 3143 686 3207 persona
707 3142 841 3190 duita
861 3157 917 3188 ex
937 3141 1075 3190 Iliad.
1108 3165 1148 3198 ο,
1172 3159 1284 3208 5²2³

501 3207 585 3255 ubi
605 3207 776 3271 Apollo
810 3206 973 3254 Panthi
1001 3207 1165 3263 filium,
1201 3206 1287 3254 Po-

501 3271 830 3333 lydamantem,
890 3283 1055 3320 tuetur.
1145 3271 1285 3319 Adde

502 3335 587 3383 inf.
630 3354 677 3383 v.
718 3351 831 3397 430.
899 3334 1070 3385 Fabula
1091 3338 1149 3386 de
1172 3337 1287 3383 Pan-

501 3400 605 3456 tho,
662 3399 854 3463 Delphis
894 3399 1107 3458 abdustm
1149 3416 1284 3466 quam

504 3463 683 3512 Servius
736 3477 974 3522 memorat,
1029 3465 1166 3515 etiam
1210 3482 1284 3529 ap.

503 3527 704 3575 Eustath.
726 3544 777 3592 p.
804 3545 900 3591 900
921 3530 954 3577 l.
976 3546 1035 3595 47
1063 3530 1285 3586 occurrit,

503 3591 721 3644 seriorum
753 3592 872 3643 forte
901 3599 1137 3659 poetarum
1160 3612 1286 3647 com-

1363 2819 1463 2867 vasa
1495 2830 1541 2865 et
1578 2818 1783 2867 utensilia
1816 2819 1939 2866 sacra
1959 2821 2017 2867 ab
2038 2820 2143 2868 aliis

1363 2882 1577 2946 intelligi.
1644 2885 1712 2931 At
1742 2876 1876 2931 ‘vidos
1909 2900 2047 2949 quam
2079 2884 2151 2934 ins·

1362 2947 1559 2996 vidiose!
1596 2946 1808 2997 Deorum
1831 2960 1981 2996 autem
2014 2949 2150 2997 simu*

1364 3015 1537 3061 lacrum
1579 3013 1630 3060 in
1673 3011 1859 3060 excidio
1901 3013 2059 3077 templi
2100 3025 2149 3061 et

1365 3076 1490 3125 urbis
1524 3093 1583 3124 ex
1615 3093 1740 3124 more
1774 3077 1923 3125 secum
1941 3077 2066 3131 ¹ferre
2101 3089 2151 3124 et

1358 3141 1542 3190 ,servare
1577 3141 1723 3189 studet
1742 3140 1964 3199 sacerdos,
1996 3154 2046 3189 nt
2066 3141 2151 3189 AE-

1367 3223 1471 3254 neas
1516 3205 1716 3262 PenateS,
1769 3222 1826 3253 ne
1867 3206 1916 3253 in
1956 3205 2150 3254 hostium

1367 3270 1624 3334 potestatem
1659 3270 1860 3318 veniant.
1928 3270 2059 3319 Nota
2079 3287 2152 3318 res

1366 3335 1445 3391 est,
1478 3335 1554 3382 sed
1575 3335 1709 3382 semel
1744 3335 1984 3383 monenda.
2030 3348 2148 3393 ‘tra-

1364 3401 1431 3448 hit
1471 3416 1577 3448 cum
1619 3399 1788 3448 dilectu
1830 3399 2023 3464 pofitum
2065 3416 2151 3464 pro

1366 3464 1513 3513 ducit.
1591 3519 1595 3521 a
1959 3498 1997 3523 ,»
2042 3511 2044 3514 ,
2122 3495 2128 3499 -

1433 3545 1545 3592 322.
1602 3527 1788 3577 Frustra
1815 3529 2047 3587 *laborant
2097 3527 2151 3581 in

1350 3593 1756 3662 interpretatione,
1796 3593 1876 3660 qui
1916 3611 2052 3642 arcem
2089 3594 2150 3640 de

1927 3657 2147 3725 Pergamo
