2294 4030
441 380 597 457 ,1343
838 358 1722 463 EXCURSUS·X²1·11

471 559 584 612 390,
603 544 683 594 ubi
701 544 766 594 cf.
788 543 976 594 Ruhnk.
1041 544 1278 594 Interdum
1299 556 1450 595 tamen
1470 549 1530 597 ad
1558 555 1778 604 tei-rorein
1798 546 1956 598 omnia
1991 548 2126 600 cdffls

465 633 624 684 parata
640 619 771 669 sunt:
807 619 994 684 species,
1013 619 1158 676 oculi,
1182 619 1366 668 habitus
1382 639 1398 676 ς
1433 621 1499 668 ita
1531 613 1652 671 nube
1686 622 1937 688 caliginosa
1957 636 2004 672 et
2021 628 2120 674 atri

465 691 624 741 amisti
645 693 743 742 sunt
765 693 856 750 dii,
880 704 930 740 ut
949 693 1107 741 Venus
1130 693 1214 740 lib.
1236 692 1355 751 XII,
1390 697 1503 756 416.
1570 695 1694 766 Juno
1732 713 1838 744 vero
1859 713 1967 745 cum
1993 707 2121 763 proi

464 767 584 826 cello
605 768 762 816 venit.
796 767 880 816 lib.
905 767 975 825 X,
999 768 1089 831 633
1114 768 1216 816 caelo
1233 772 1285 833 st
1298 778 1489 833 protinus
1509 769 1596 819 alto
1616 771 1679 818 M
1672 773 1726 834 s
1721 785 1740 819 t
1763 788 1895 836 agens
1927 771 2120 828 hiemem1

464 843 847 906 nimbosuc'cim‘ia‘,
873 855 954 906 per
973 862 1122 891 auras.
1191 842 1439 892 Enimvero
1476 844 1565 891 hoc
1604 844 1772 910 speftat
1800 845 1898 908 jam
1930 847 2122 911 propius

428 950 430 952 v
463 919 527 969 ad
549 919 649 976 illa,
671 936 770 984 quae
787 935 813 965 a
830 916 1016 966 confilio
1042 917 1192 965 nostro
1215 917 1361 965 aliena
1378 917 1499 975 sunt,
1536 935 1641 966 cum
1664 918 1855 969 deorum
1881 920 2120 985 praesentia

462 1010 651 1043 omnem
674 1005 880 1041 naturam
904 991 1030 1039 sensu
1054 991 1210 1056 aliquo
1230 984 1501 1057 perfundere
1520 993 1752 1043 creditur:
1788 995 1900 1043 dum
1923 994 1995 1044 dii
2019 1012 2121 1045 ιιιο-

462 1068 530 1117 do
566 1086 671 1117 cum
707 1066 843 1123 a'eris,
865 1080 1124 1124 ventorum,
1166 1066 1389 1132 marisque
1411 1067 1742 1132 tranquillitate
1769 1081 1817 1118 et
1849 1080 1970 1117 aurae'
1991 1070 2124 1119 filen..

465 1146 537 1193 tio
571 1142 844 1192 adveniuntx
885 1142 934 1188 in
956 1157 1092 1205 quam
1117 1158 1213 1189 rem
1243 1143 1346 1189 loca
1385 1144 1596 1207 congesta
1627 1160 1672 1190 v.
1713 1160 1786 1208 ap.
1828 1143 2028 1193 Valken.
2059 1144 2123 1192 ad

464 1219 670 1268 Theocr.
698 1237 744 1273 2,
771 1219 863 1279 38:
901 1217 1042 1265 modo
1077 1230 1315 1265 ventorum
1350 1216 1545 1264 marisve
1583 1219 1804 1266 tumultus
1838 1218 2122 1283 praesentiani

463 1293 542 1342 dei
561 1293 734 1359 arguit.
806 1293 927 1340 Cum
950 1292 1022 1339 his
1037 1291 1286 1354 conjunCtae
1308 1292 1411 1340 sunt
1432 1295 1666 1355 ἐπιφάνειαι
1690 1294 1883 1342 deorum
1918 1293 1971 1342 in
2007 1305 2123 1344 tem:-

459 1370 571 1433 plis,
638 1369 720 1416 sub
773 1368 1001 1417 sacrorum
1057 1367 1327 1416 sollemnium
1369 1380 1449 1416 aut
1501 1371 1789 1417 oraculorum
1837 1369 2122 1419 edendorum

461 1455 668 1509 tempus:
723 1444 783 1492 de
823 1444 989 1507 quibus
1023 1458 1143 1493 nunc
1195 1459 1288 1489 non
1336 1443 1508 1507 agitur,
1557 1456 1603 1491 et
1639 1444 1821 1509 copiose
1868 1445 2017 1492 aetum
2060 1444 2122 1495 ab

461 1518 587 1573 aliis,
613 1517 731 1583 inpr.
769 1536 794 1566 a
820 1517 1061 1582 spanhem.
1086 1517 1145 1562 ad
1169 1515 1358 1563 Callim.
1425 1517 1586 1582 Itaque
1612 1535 1697 1565 nec
1734 1518 1980 1583 attingam,
2020 1523 2125 1584 q'uae

459 1607 520 1639 ex
544 1592 613 1640 his
634 1593 738 1658 ipfis
771 1593 958 1641 deorum
1007 1590 1371 1654 apparitionibus
1402 1592 1460 1638 ad
1497 1591 1660 1640 Manes
1694 1605 1772 1640 aut
1806 1593 2005 1642 Umbras
2040 1609 2124 1659 per

459 1669 670 1718 somnum
712 1669 885 1716 oblatas
927 1666 1137 1714 transsata
1181 1665 1310 1722 sunt3
1363 1677 1414 1714 ut
1452 1667 1510 1714 de
1544 1667 1718 1715 Creusa
1750 1667 1860 1717 AEn.
1894 1669 1965 1725 II,
1990 1685 2118 1735 773:

461 1744 651 1793 tandem
690 1743 831 1790 etiam
855 1743 910 1789 ad
937 1741 1143 1788 homines
1163 1740 1390 1789 divinitus
1413 1743 1605 1796 afflatos,
1631 1756 1681 1790 ut
1715 1743 1773 1790 de
1814 1742 1993 1806 Sibylla
2027 1743 2121 1802 VI,

461 1834 543 1883 49.
567 1835 643 1882 50.
713 1816 885 1865 Verum
907 1827 956 1862 ut
977 1815 1036 1861 ad
1061 1815 1190 1862 illum
1210 1814 1398 1862 deorum
1422 1817 1707 1881 conspeftum
1733 1819 1981 1875 redeamus,
2004 1834 2123 1883 quos

460 1894 638 1956 quoties
660 1909 819 1940 eorum
843 1889 1088 1938 ministerio
1128 1892 1262 1954 poeta
1301 1891 1463 1946 utitur,
1501 1892 1573 1939 illi
1613 1892 1865 1957 prodeunt:
1902 1893 1934 1940 fi
1972 1893 2121 1941 mani-

459 1967 573 2015 festo
599 1966 785 2015 numine
824 1978 1089 2021 occurrunt,
1125 1965 1223 2012 fieri
1265 1965 1315 2013 id
1348 1965 1442 2012 fere
1476 1966 1804 2015 animadvertas
1836 1967 1910 2015 vel
1928 1965 2121 2015 occursu

460 2043 646 2090 alterius
667 2041 763 2097 dei,
786 2041 855 2087 vel
880 2051 931 2087 ut
963 2039 1082 2095 filio,
1120 2039 1306 2093 marito,
1330 2053 1409 2087 aut
1427 2055 1575 2089 amato
1598 2058 1625 2088 a
1647 2041 1690 2090 se
1718 2042 1916 2097 homini,
1938 2043 1988 2113 in
2010 2059 2122 2091 con-

458 2119 661 2184 spef'tum
697 2116 894 2163 veniant.
963 2115 1041 2163 Sic
1080 2115 1195 2162 inter
1216 2125 1390 2179 pugnas
1408 2117 1435 2164 d
1443 2117 1479 2164 ii
1512 2116 1595 2164 fibi
1621 2118 1857 2167 occursant
1878 2117 1930 2166 in
1950 2117 2119 2178 Iliade,

460 2195 522 2243 fic
544 2193 723 2241 Achilli
742 2190 926 2247 Thetis,
949 2204 994 2237 et
1016 2191 1170 2238 AEneae
1202 2190 1244 2238 se
1269 2203 1410 2238 mater
1433 2192 1736 2241 Venus-non
1763 2208 1864 2242 ante
1886 2194 2006 2242 oculis
2026 2209 2118 2243 tam

459 2261 606 2316 clara,
626 2259 857 2306 videndam
883 2256 1070 2312 Obtulit,
1092 2270 1130 2302 et
1143 2269 1258 2319 pura
1289 2270 1373 2318 per
1401 2265 1557 2305 nostem
1587 2266 1632 2304 in
1670 2259 1759 2307 luce
1791 2260 2118 2323 rejfuffit-——con-

444 2338 564 2399 ftſjiz
586 2336 723 2388 deam,
745 2332 956 2395 qualgsque
970 2332 1114 2377 videri
1134 2330 1360 2387 Coelicolis,
1383 2345 1423 2379 et
1446 2346 1628 2398 quanta,
1632 2332 1758 2397 solet,
1779 2334 1862 2382 lib.
1895 2334 1967 2388 II,
2002 2350 2119 2399 5910

461 2406 670 2457 Veniunt
693 2420 871 2470 quoque
890 2404 955 2451 di·
930 2421 960 2451 1
981 2404 1029 2451 in
1051 2404 1337 2468 conspec‘tum
1362 2406 1493 2453 unius
1529 2419 1726 2462 tantum,
1762 2408 1882 2456 etfi
1867 2425 1918 2457 ιιι
1951 2425 2120 2473 magna

458 2482 701 2531 hominurn
718 2480 990 2547 frequentia,
1021 2480 1085 2527 ita
1111 2492 1160 2527 ut
1182 2481 1335 2528 caeteri
1359 2499 1516 2528 omnes
1538 2498 1593 2529 ne
1625 2483 1796 2531 sensum
1822 2483 2027 2547 quidem
2033 2499 2120 2530 nus

460 2559 600 2609 minis
620 2559 847 2624 praesentis
880 2558 1094 2605 habeant·
1131 2557 1190 2603 fic
1235 2558 1315 2604 uni
1353 2558 1498 2621 Ulyffi
1539 2546 1724 2623 ejusque
1753 2558 1942 2608 canibus
1973 2557 2121 2609 mani-

458 2637 566 2685 festa
586 2636 636 2683 fit
659 2635 892 2693 Minerva,
910 2635 1005 2683 Od.
1029 2656 1082 2690 vr,
1110 2638 1216 2682 160.-
1285 2634 1362 2682 Sic
1388 2634 1473 2684 soli
1490 2635 1624 2684 Peleo
1643 2636 1807 2684 Thetis
1825 2637 1947 2701 apud
1965 2637 2117 2702 Apol·-

458 2711 557 2760 lon.
589 2709 680 2766 IV,
703 2713 799 2775 854
819 2709 914 2773 sqq.
956 2721 1002 2756 et
1046 2709 1224 2756 Achilli
1258 2709 1307 2756 in
1337 2711 1488 2756 media
1535 2710 1819 2758 Achivorum
1861 2711 2109 2768 concione,

458 2785 539 2834 sed
573 2783 678 2841 soli,
721 2783 1002 2848 conspicitur
1039 2784 1272 2840 Minerva,
1309 2785 1550 2858 statimque
1584 2785 1873 2850 agnoscitur,
1889 2785 2009 2835 δεινω
2016 2780 2117 2834 δέ
2077 2808 2113 2833 οι

460 2874 562 2901 cero-s
595 2849 759 2914 φάανὲς
761 2873 796 2906 ν,
832 2849 967 2896 Iliad.
993 2872 1043 2906 α,
1086 2866 1196 2898 200.
1262 2849 1400 2897 Iliad.
1435 2873 1477 2913 ς,
1515 2867 1610 2913 334
1644 2852 1814 2900 AEneas
1846 2842 2116 2916 Apollinem

460 2930 561 2986 ξ’«γιιω
584 2928 746 2974 ἐσάντα
771 2923 875 2972 ἔδων.
942 2923 1172 2970 Caetetum
1188 2940 1245 2970 ex
1266 2923 1373 2971 loco
1393 2923 1480 2972 hoc
1499 2924 1784 2973 Heliodorus
1807 2924 1924 2973 illud
1938 2925 2115 2974 duxiffe

457 3000 661 3059 videtur,
683 2999 806 3065 quod
824 3014 881 3046 ex
905 2998 996 3046 fixo
1033 3010 1079 3046 et
1103 2997 1324 3046 constanti
1355 2999 1520 3048 obtutu
1555 3001 1693 3048 deum
1733 2991 1934 3065 intelligi
1972 2994 2115 3054 dixit.

461 3076 647 3141 Species
666 3089 815 3123 autem
844 3073 1002 3121 divina
1018 3074 1157 3122 modo
1179 3073 1236 3129 ab
1259 3085 1421 3121 aeterna
1441 3075 1631 3124 deorum
1649 3075 1903 3139 juventute,
1934 3089 1989 3124 ac
2008 3075 2116 3139 pul⁴

458 3151 740 3207 chritudine,
764 3151 901 3226 niodo
930 3166 1034 3197 cum
1052 3149 1282 3197 attributis
1301 3165 1358 3197 ex
1378 3154 1619 3214 poetarum
1652 3162 1699 3199 et
1735 3143 1965 3198 artificum
1998 3152 2114 3228 doe·>

458 3225 581 3275 trina
603 3239 651 3275 et
674 3226 774 3281 usu,
769 3219 1056 3272 declaratur.

526 3301 702 3350 Verum
729 3298 1074 3365 frequentissima
1113 3298 1228 3347 ratio
1248 3316 1302 3348 ea
1321 3301 1402 3359 est,
1423 3312 1475 3350 ut
1490 3302 1555 3349 ud
1592 3318 1718 3357 eum,
1752 3274 1898 3375 quern
1928 3301 2113 3359 volunt,

464 3375 684 3425 accedant
691 3391 892 3439 eumque
907 3374 1215 3440 alloquantur,
1235 3376 1425 3425 bumana
1431 3383 1583 3443 forma
1605 3379 1762 3435 induti,
1790 3376 1892 3434 noti
1912 3375 2009 3432 fere
2027 3376 2114 3426 ali-

459 3449 591 3516 cujus
622 3462 669 3497 et
704 3448 964 3504 familiariS,
984 3450 1132 3515 sicque
1152 3450 1203 3498 ei
1217 3451 1377 3499 ludum
1397 3451 1590 3509 faciant,
1619 3462 1671 3500 ut
1701 3467 1808 3500 cum
1844 3448 2030 3500 mortali
2064 3450 2114 3502 se

460 3540 595 3590 agere
614 3523 694 3573 ille
716 3535 876 3589 putet3
911 3527 1130 3590 Tumque
1158 3518 1230 3575 dii
1252 3527 1519 3592 consequuti
1536 3526 1607 3583 id,
1629 3517 1755 3592 quod
1772 3525 2007 3586 volebant,
2038 3523 2114 3572 in·-

461 3599 643 3650 tetdum
664 3598 854 3658 abeunt,
881 3612 934 3649 ut
948 3617 1032 3652 noc
1057 3601 1387 3669 agnoscantur}
1418 3619 1466 3656 v·
1488 3614 1532 3656 e.
1555 3599 1677 3652 Iliad
1696 3623 1740 3667 ς,
1762 3617 1845 3669 70.
1865 3599 1930 3654 cf·
1945 3612 1996 3671 φ,
2015 3595 2112 3664 295

2014 3673 2117 3742 sqq-
