2372 4030
608 278 1509 375 AENEIDos,L113.1.‘
1640 292 1643 295 ’
1767 333 1841 392 41

213 447 579 545 Adloquitur
640 448 878 525 Venus:
947 465 1008 524 O
1070 467 1175 546 qui
1245 489 1334 529 res
1413 453 1847 556 hominumque

453 578 753 658 deumque

210 689 478 765 AEternis
505 692 665 772 regis
687 693 972 782 imperiiS,
1012 713 1071 756 et
1099 697 1352 757 fulmine
1379 713 1578 774 terres,

1730 721 1849 781 230
1905 779 1908 785 .

211 802 380 886 Qid
409 824 574 865 meus
607 810 823 880 AEneas
853 807 912 865 in
942 822 1002 865 te
1031 808 1385 870 conmittere
1413 826 1665 892 tantum,

157 901 164 912 ὅ
208 920 376 1003 Qid
406 919 590 980 Troes
618 920 902 1001 potuere?
931 922 1164 1000 quibuS,
1197 939 1284 983 tot
1314 925 1511 984 funera
1540 928 1727 1007 paffiS,

209 1033 472 1094 CunCtus
498 1033 578 1092 ob
607 1033 841 1094 Italiam
868 1050 1157 1095 terrarum
1183 1036 1478 1096 clauditur
1504 1039 1711 1099 orbis?

211 1146 387 1222 Certe
415 1148 554 1208 hinc
584 1148 886 1222 Romanos
911 1149 1080 1220 olim,
1109 1149 1484 1210 volventibus
1512 1153 1698 1233 annis,

264 1311 357 1356 229.
388 1300 597 1354 Adloquitur
613 1299 763 1354 scripfit
783 1302 922 1342 Heius.
945 1315 1038 1342 cum
1059 1302 1205 1342 Medic.
1222 1302 1309 1342 aliis
1328 1316 1368 1342 et
1389 1305 1638 1346 numismatis
1656 1307 1849 1362 antiquis,

205 1360 252 1403 in
272 1362 415 1416 quibus
431 1365 615 1404 Adlocutio.
671 1367 867 1417 deorumque
885 1365 1027 1405 malint
1044 1366 1181 1405 Heins.
1205 1375 1245 1404 et
1259 1366 1390 1407 Bentl.
1413 1369 1462 1407 ad
1485 1370 1629 1408 Horat.
1652 1371 1667 1407 I
1689 1372 1765 1410 Od.
1785 1384 1853 1423 12,

207 1437 272 1476 14.
322 1431 325 1433 ’
387 1439 479 1478 231.
512 1430 623 1485 Qud
636 1427 868 1469 Diomedes.

982 1441 1072 1479 233.
1105 1431 1261 1467 Cluditur
1280 1430 1366 1482 post
1395 1431 1494 1470 alios
1518 1432 1735 1471 Gudianus.

206 1505 301 1545 234.
327 1494 405 1533 binc
423 1494 529 1536 abest
549 1508 573 1535 a
591 1493 664 1534 sec.
685 1494 841 1535 Moret.
902 1495 1000 1535 Certe
1017 1497 1074 1534 hic
1091 1497 1195 1536 Ven.
1258 1495 1356 1534 Certe
1374 1498 1410 1536 in
1430 1498 1594 1536 Romanis
1625 1498 1851 1541 Zulichem.

206 1571 232 1598 a
249 1570 307 1598 m.
324 1570 387 1612 pr.

201 1709 321 1739 curas
327 1696 586 1759 jabtantem
608 1693 656 1742 h.
675 1708 715 1741 e.
738 1709 844 1740 cum
867 1693 988 1741 hunc

201 1755 254 1803 in
277 1759 465 1806 modum
497 1758 642 1805 oculis
674 1757 915 1821 animoque
938 1758 989 1804 in

203 1819 358 1869 AEneae
379 1822 480 1869 fatis
501 1823 604 1869 effet
623 1822 810 1871 defixus·
877 1826 986 1869 228.

201 1884 406 1934 Observa
464 1898 604 1934 artem
659 1892 822 1950 po'etae.
917 1887 987 1934 Ut

199 1949 529 2010 miserationem
545 1950 684 1998 faciat
699 1950 873 2006 Venus,
890 1958 984 2016 1νῇ-

198 2022 270 2071 tis,
289 2018 400 2075 flens
417 2030 461 2062 et
477 2015 655 2077 pulchra
677 2014 925 2062 inducitur.

239 2093 245 2103 ‘
269 2087 379 2145 229'.
436 2078 648 2140 Maerob.
694 2079 764 2124 VI
810 2079 903 2126 Sat.
953 2099 979 2130 2

197 2144 258 2192 In
287 2151 488 2208 principio
528 2145 734 2192 AE'nealos
773 2149 983 2207 tempestas

198 2209 456 2273 destribitur,
477 2223 528 2256 et
567 2211 609 2254 V
606 2228 703 2256 enus
743 2212 862 2271 apud
899 2210 982 2269 Jo-

198 2293 299 2320 vem
334 2282 521 2338 queritur
558 2275 607 2320 de
641 2274 825 2335 periculi
887 2274 979 2330 filii,

194 2351 237 2385 et
257 2339 436 2400 Jupiter
447 2358 539 2385 eam
554 2340 843 2397 defuturorum
856 2348 905 2398 p}
917 2355 978 2399 os·-

187 2410 371 2467 peritate
385 2402 570 2466 solatur.
636 2404 721 2449 Hic
750 2402 857 2450 locus
877 2417 982 2449 totus

197 2486 230 2514 a
272 2467 430 2515 Naevio
455 2471 622 2528 sumtus
662 2469 715 2529 est
753 2485 806 2513 ex
847 2471 981 2528 primo

193 2530 302 2579 libro
349 2530 451 2579 belli
497 2533 662 2578 Punici.
728 2531 817 2579 illic
873 2539 979 2577 enim

195 2615 314 2659 eque
353 2597 487 2644 Venus
524 2598 722 2660 Trqjanis
754 2599 982 2658 tempstate

193 2658 483 2723 laborantibus
512 2678 602 2707 cum
623 2660 743 2721 Jove
763 2667 976 2722 queritur:

191 2737 240 2786 ft
253 2720 306 2786 se'·
331 2739 490 2779 uantur
513 2724 652 2771 verba
686 2724 978 2784 Jovis-filiam

190 2793 300 2851 conso
316 2797 425 2836 antis
426 2792 504 2851 spe
504 2793 769 2853 futurorum.
836 2788 979 2834 Com-

195 2853 345 2918 parari
389 2855 530 2916 potest
572 2852 708 2899 etiam
754 2850 979 2900 Minervae

192 2929 240 2964 et
269 2917 400 2980 Jovis
420 2916 549 2980 super
570 2915 724 2979 Ulyffe
745 2915 979 2963 altercatio

196 2981 295 3029 Od.
317 3004 368 3038 a,
399 2999 466 3043 44
486 2981 581 3046 sqq.
603 2993 649 3029 et
670 2980 814 3027 multo
835 2981 981 3044 magis

195 3044 415 3095 Thetidis
430 3045 680 3109 alloquium
694 3043 824 3109 Jovis
840 3045 976 3095 Iliad.

162 3132 246 3169 ἀ,
279 3126 372 3176 497
399 3108 496 3173 sqq·

263 3191 374 3236 230.
410 3174 469 3220 Et
485 3172 675 3238 fulmine
695 3186 840 3227 terres,
872 3173 977 3237 pos-

192 3238 249 3288 fit
267 3238 464 3287 otiosum
497 3236 642 3284 videri
663 3238 756 3301 post
778 3237 884 3284 illa:
910 3243 985 3301 qui

191 3305 530 3366 res-imperiis3
581 3300 667 3357 sed,
690 3301 863 3366 fulmen
907 3302 979 3347 in-

193 3367 320 3432 figne
354 3365 519 3414 summi
554 3364 764 3429 imperii;
799 3366 980 3431 gravius

193 3445 345 3480 autem
371 3429 563 3495 fulmine
611 3443 758 3490 terres,
822 3446 978 3497 quam,

168 3496 352 3565 >fulmen
362 3499 496 3562 geris.
511 3497 648 3562 jacis·

1136 1710 1245 1756 231.
1285 1694 1530 1743 Manifesta
1563 1696 1850 1749 adumbratio

1069 1759 1274 1805 versuum
1296 1776 1352 1805 ex
1374 1761 1506 1806 Iliad.
1533 1761 1573 1817 δ,
1609 1779 1661 1823 31
1686 1774 1852 1821 Δαιμο-

1071 1823 1146 1877 vin,
1188 1823 1368 1886 Jupiter
1405 1824 1469 1870 ait
1508 1827 1565 1872 ad
1604 1826 1850 1886 Junonem,

1071 1888 1118 1933 τί
1159 1888 1197 1933 νύ
1240 1911 1284 1935 σε
1330 1891 1518 1950 Πξιάμος
1561 1893 1763 1951 Πξιοίμοιό
1803 1915 1851 1940 τε

1069 1958 1217 2000 παῖδες
1248 1956 1395 2000 Τόσσοι
1429 1956 1544 2001 κακοὶ
1577 1956 1750 2018 figerem,
1785 1958 1852 2004 ὅτ’

1069 2022 1286 2079 &ommes
1305 2020 1496 2076 μεναίνεις
1526 2033 1611 2065 ete.
1655 2021 1748 2082 ipsa
1770 2038 1851 2069 au·-

1066 2095 1157 2129 tem
1188 2084 1404 2129 orationis
1437 2085 1581 2130 forma
1611 2099 1666 2130 ex
1688 2085 1849 2147 Odyff.

1069 2169 1118 2200 a,
1154 2163 1216 2207 44
1249 2147 1345 2210 sqq.
1386 2150 1597 2211 expressa,
1632 2148 1711 2194 ubi
1752 2150 1851 2196 Mi-

1067 2227 1203 2258 nerva
1240 2213 1361 2274 apud
1395 2211 1554 2271 Jovem
1591 2212 1648 2257 de
1684 2213 1851 2273 Ulyffis

1067 2276 1276 2322 aerumnis
1297 2276 1602 2338 conqueritur,
1634 2288 1678 2321 et
1702 2277 1780 2323 ubi
1804 2297 1850 2328 v.

1069 2345 1127 2389 62
1165 2342 1211 2386 τί
1245 2343 1283 2387 νύ
1319 2341 1353 2386 οἶ
1396 2344 1513 2387 τόσον
1547 2341 1720 2398 ὠδύσαο,
1756 2351 1850 2392 Ζεῦ.

1066 2417 1163 2451 tum
1199 2405 1377 2467 Jupiter
1404 2405 1538 2452 simili
1562 2406 1698 2451 modo
1718 2418 1852 2470 atque

1067 2469 1143 2516 hic
1170 2469 1420 2532 respondet.

1136 2549 1244 2595 232.
1290 2534 1463 2595 Qaibus,
1488 2547 1545 2579 tot
1563 2539 1614 2595 fi
1660 2535 1851 2598 agnosce

1066 2599 1295 2661 poeticam
1317 2597 1583 2651 orationem,
1612 2614 1713 2661 pro,
1736 2601 1849 2659 quid

1066 2675 1251 2725 potuere
1295 2674 1599 2717 committere,
1637 2675 1686 2708 ut
1728 2679 1850 2709 iis-

1066 2726 1348 2773 clauderetur
1365 2727 1380 2772 ?
1398 2739 1454 2772 tot
1455 2731 1620 2789 funera
1644 2726 1690 2773 h.
1713 2743 1752 2773 e.
1780 2741 1849 2776 tot

1067 2792 1214 2837 clades
1242 2804 1286 2836 et
1322 2790 1613 2837 calamitates,
1648 2791 1694 2836 ob
1716 2792 1849 2839 Itali-

1066 2876 1156 2911 am,
1190 2866 1369 2918 propter
1390 2854 1533 2901 ltaliae
1566 2853 1757 2911 aditum,
1793 2873 1848 2904 ne

1067 2920 1125 2965 ad
1172 2919 1351 2965 Italiam
1394 2919 1626 2972 accedant,
1660 2918 1709 2964 in
1749 2931 1848 2966 toto

1067 2994 1102 3030 t.
1129 2983 1236 3029 orbe
1261 2984 1408 3029 nullus
1442 2982 1700 3028 confidendi
1718 2983 1849 3030 ‘locus

1066 3045 1124 3093 iis
1176 3046 1459 3109 relinquitur.
1522 3062 1626 3091 nam
1681 3045 1847 3109 septem

1066 3127 1207 3157 annos
1244 3110 1453 3156 omnibus
1481 3109 1609 3156 terris
1640 3120 1684 3155 et
1708 3110 1846 3156 mari—

1067 3173 1149 3221 bus
1200 3188 1471 3229 erraverant,
1526 3184 1576 3220 ut
1629 3173 1739 3222 AEn.
1802 3173 1846 3231 Ι,

1067 3251 1185 3286 extr.

1132 3302 1400 3366 234—236.
1469 3303 1601 3357 Hinc,
1655 3303 1712 3347 ab
1775 3302 1846 3350 his

1067 3365 1302 3430 Trojanis,
1323 3366 1435 3420 hinc,
1467 3385 1496 3411 a
1499 3370 1716 3430 sanguine
1735 3367 1785 3412 ‘T
1776 3387 1845 3414 eu-

1066 3439 1131 3480 cri
1146 3443 1360 3485 revocato,
1393 3445 1418 3475 a
1438 3429 1568 3493 stirpe
1590 3430 1652 3477 Τ.
1682 3429 1845 3480 instau-

1066 3507 1163 3545 rata
1180 3510 1260 3561 per
1279 3508 1442 3543 novam
1460 3493 1743 3561 progeniem,
1764 3495 1848 3555 (cf.

1746 3557 1849 3625 sup,
