2294 4030
613 274 765 340 AD
834 278 1309 344 LIBRUM
1371 285 1424 351 Ι.
1706 304 1823 380 143

179 440 356 496 contra
379 444 539 509 Pacem
560 442 714 494 clauso
731 445 851 508 Jano
872 447 1090 496 inclusam
1105 450 1268 507 teneri,
1300 451 1610 518 interpretatio
1644 467 1692 506 ct
1725 458 1825 506 sen·

172 520 323 582 ¹tentia
343 519 510 568 Ovidii
529 520 615 576 effe
632 519 816 569 videtur
850 520 965 570 Fast.
995 521 1038 579 Ι,
1063 527 1177 581 281,
1210 523 1242 570 fi
1272 524 1425 577 locum
1453 529 1568 576 reste
1604 530 1825 595 capimuS.

180 592 326 658 Ap‘ud
366 594 616 660 Aristoph.'
637 595 687 649 in
710 594 824 642 Pace
848 611 937 651 222
961 595 1058 660 sqq.
1083 599 1269 656 Πόλεμος
1292 597 1454 648 Pacem
1476 614 1608 651 antro
1625 604 1821 653 incluse·

124 722 133 724 ζ
166 666 269 722 πῖ.
332 669 471 718 Adeo
508 669 648 718 variis
685 669 836 717 modis
868 682 918 717 et
941 671 1089 735 accipi
1110 684 1156 719 et
1180 673 1313 723 reddi
1336 675 1489 738 potuit
1509 693 1593 733 res,
1615 694 1722 728 cum
1740 695 1822 727 an-

179 742 310 808 tiqua
347 743 457 807 Jani
491 744 706 801 aedicula,
738 745 796 791 ad
821 745 1007 797 modum
1057 747 1216 812 templi
1251 749 1590 822 amphiprostyli
1611 755 1826 820 utrinque,

178 821 355 888 pervia,
386 833 506 889 quac,
542 821 666 870 bello
697 820 892 878 indicio,
922 821 1073 886 prisco
1106 839 1235 871 more
1268 824 1448 890 patebat
1475 828 1744 877 adeuntibus
1775 843 1824 881 et

180 891 555 962 supplicantibus,
588 912 700 962 pace
736 896 855 943 facia
891 894 1078 942 occludi
1098 895 1286 953 soleret3
1319 897 1466 947 visum
1495 901 1621 949 enim
1642 904 1702 950 est
1725 903 1827 952 Bel·

177 969 283 1039 lum
298 972 440 1022 modo
457 971 661 1022 co‘etceri
689 971 831 1036 portis
856 972 1030 1029 clausis,
1064 989 1122 1019 ne
1145 972 1223 1021 ille
1241 974 1349 1022 deus
1363 976 1503 1039 portis
1524 977 1688 1042 apertis
1707 979 1825 1036 foras,

176 1060 451 1112 crumperet,
472 1049 617 1097 modo
638 1046 733 1093 Pax
773 1046 945 1094 inclusa
965 1047 1125 1105 teneri,
1157 1063 1215 1095 ne
1233 1050 1446 1103 avolaret.
1514 1051 1674 1117 Itaque
1700 1054 1825 1109 idem

177 1123 399 1187 templum
428 1135 476 1171 et
512 1122 619 1187 Jani
654 1135 700 1170 et
741 1122 857 1170 Belli
885 1132 930 1168 et
970 1121 1096 1169 Pacis
1126 1122 1351 1173 habitum.
1419 1125 1470 1173 Si
1493 1125 1648 1178 Valet.
1670 1128 1824 1179 Flacc.

177 1193 273 1252 ΙΙΙ,
309 1213 334 1245 2
342 1215 366 1262 5
375 1215 399 1262 3
426 1212 522 1247 tunc
534 1211 662 1262 porta
695 1205 821 1246 trucis
857 1204 932 1245 coit
952 1200 1097 1261 instra
1131 1196 1232 1254 belli
1269 1198 1390 1250 hunc
1425 1201 1578 1249 locum
1605 1201 1825 1267 ⁸respexit,

165 1273 418 1337 ¹probabile
455 1274 525 1330 fit,
559 1273 746 1341 alteram
786 1271 834 1319 in
866 1286 922 1318 eo
959 1272 1063 1318 loco
1090 1271 1352 1329 lefflonem,
1376 1289 1503 1338 porta
1522 1283 1654 1343 effera
1674 1295 1823 1337 veram

176 1347 279 1398 effe.
344 1348 447 1411 Jam
490 1365 628 1414 porro
663 1349 800 1395 Furor
833 1355 996 1410 impius,
1031 1347 1078 1393 h.
1114 1363 1154 1396 e.
1196 1347 1369 1397 Bellum
1410 1351 1549 1407 civile
1565 1373 1582 1410 3
1616 1365 1670 1401 ut
1705 1356 1826 1419 apud

178 1421 348 1470 Horat.
376 1422 560 1471 Petron.
598 1433 646 1471 et
670 1422 729 1471 al.
769 1421 914 1468 Ovid.
949 1421 974 1467 Ι
1005 1438 1062 1469 ex
1101 1421 1233 1470 Pont.
1271 1440 1320 1480 2,
1360 1430 1451 1475 126
1488 1427 1547 1475 de
1586 1429 1823 1493 Augusto:

179 1498 350 1562 Clatfit
377 1509 420 1546 et
445 1512 614 1552 aeterna
645 1495 796 1545 civica
831 1496 948 1543 bella
957 1501 1080 1559 sera.
1116 1497 1182 1549 cf.
1218 1497 1402 1550 Petron.
1426 1501 1478 1550 B.
1502 1503 1611 1551 Civ.
1638 1522 1664 1552 2
1673 1507 1734 1568 56
1754 1504 1824 1569 sq,

120 1619 122 1625 ,
176 1574 277 1629 nodi
291 1571 508 1636 exquifite
529 1589 614 1637 pro
645 1570 861 1626 vinculis,
894 1571 1080 1620 catenis.
1150 1570 1404 1636 Virgilium
1427 1589 1529 1624 ante
1549 1578 1706 1627 oculos
1738 1580 1825 1627 hav

177 1646 318 1713 buiffe
356 1647 542 1697 videtur·
578 1648 750 1696 Manil.
787 1648 885 1710 jam
916 1647 1081 1702 Cerdae
1119 1650 1344 1708 laudatus,
1377 1653 1419 1709 I,
1460 1671 1548 1717 921
1581 1659 1685 1721 jam
1708 1657 1821 1706 bella

174 1726 400 1788 quiestant,
434 1736 558 1788 atque
595 1726 859 1771 adamanteis
891 1723 1112 1784 Dffcordia
1138 1730 1296 1774 vinda
1324 1736 1474 1775 catenis
1509 1731 1706 1779 AEternos
1743 1733 1825 1781 hcl-.-

176 1799 278 1849 beat
293 1804 446 1862 frenos
482 1807 527 1847 in
561 1818 722 1847 carcere
757 1797 915 1862 clausa.
967 1812 1013 1847 et
1041 1800 1187 1854 Ovid.
1209 1802 1232 1848 I
1273 1800 1385 1853 Fast.
1421 1821 1513 1870 702
1550 1808 1711 1855 Gratia
1739 1809 1824 1854 Dis

176 1875 390 1939 domuique
424 1887 543 1924 tuae:
582 1873 766 1938 relzgata
801 1882 956 1922 catenis
992 1876 1262 1938 Jamprz'dem
1291 1882 1416 1942 nostro
1437 1880 1524 1940 sab
1554 1884 1659 1944 pede
1697 1881 1825 1932 Bella

95 1965 98 1966 ⁷
158 1952 335 2014 jacent.
403 1947 471 1995 At
505 1947 587 2013 ipfi
610 1947 816 2014 Virgilio
838 1947 1071 2011 praeiverat
1096 1949 1268 1998 Ennius
1283 1952 1402 2016 apud
1428 1953 1597 2004 Horat.
1619 1955 1644 2001 I
1674 1954 1819 2011 Serm,

176 2036 230 2090 42
264 2024 328 2070 60
340 2023 555 2087 pqstquam
575 2020 794 2084 Dgscordia
829 2034 944 2069 tetra
980 2020 1106 2077 Belli
1123 2030 1321 2089 firratos
1347 2030 1477 2091 pqs'tes
1506 2033 1728 2095 portcgfque
1745 2048 1811 2077 re·

93 2150 99 2154 ,
160 2102 328 2162 fregit,

649 2184 691 2233 E
725 2183 776 2232 X
810 2185 851 2232 C
886 2184 932 2231 U
971 2183 1015 2230 R
1050 2185 1079 2234 S
1112 2184 1163 2233 U
1196 2186 1226 2234 S
1292 2186 1362 2235 X.

421 2273 740 2334 Mercurius
765 2274 841 2331 ad
864 2272 1050 2332 Poenos
1062 2274 1346 2351 placandos
1370 2277 1560 2353 mgffits.

239 2387 285 2444 I,
321 2402 432 2453 297,
464 2388 574 2435 Haec
606 2394 672 2438 ait
687 2403 703 2433 .·
738 2399 778 2432 et
811 2386 945 2437 Maia
969 2395 1157 2456 genitum
1189 2389 1366 2436 demittit
1384 2390 1443 2436 ab
1464 2391 1551 2438 alto
1572 2390 1670 2457 sqq.
1734 2392 1826 2442 Vi-

174 2464 310 2514 detur
330 2463 451 2510 hunc
473 2467 624 2526 poetae
642 2463 798 2510 locum
819 2461 1062 2526 expreffiffe
1079 2462 1262 2510 caelator
1280 2480 1472 2528 gemmae
1492 2483 1584 2514 non
1604 2469 1826 2532 ignobjfig

176 2555 206 2591 e
239 2537 405 2586 Museo
437 2537 737 2593 Bourdalovii,
768 2537 862 2601 post
897 2536 1170 2585 Montefalc.
1203 2537 1254 2586 in
1285 2538 1493 2602 Virgilio
1528 2542 1823 2602 Londinenfi,
1893 2542 1900 2551 “

177 2612 427 2676 Justiciano
460 2623 507 2659 et
541 2610 865 2681 Ambrogiano
902 2611 1117 2676 repetitae,
1149 2611 1199 2658 in
1237 2629 1327 2676 qua
1363 2614 1544 2677 Jupiter
1580 2616 1629 2663 in
1666 2617 1823 2666 medio

177 2686 349 2744 sedens,
383 2685 539 2734 Venus
553 2687 691 2749 juxta
709 2702 814 2733 cum
837 2686 1010 2742 Amore
1029 2685 1138 2748 Jovi
1158 2685 1433 2751 supplicans,
1465 2705 1521 2737 ex
1540 2691 1679 2739 altera
1694 2703 1822 2755 parte

130 2792 140 2796 -
178 2759 442 2811 Mercurius
471 2778 578 2810 cum
611 2760 837 2808 mandatis
868 2759 999 2822 Jovis
1036 2759 1299 2819 disceden83
1331 2756 1472 2810 modo
1505 2763 1612 2811 satis
1639 2764 1823 2830 liquido

177 2828 415 2894 constaret,
447 2853 505 2885 an
541 2852 569 2883 a
602 2851 740 2887 manu
776 2834 967 2899 antiqua
1000 2850 1111 2900 opus
1149 2835 1268 2883 illud
1305 2835 1555 2899 profestum
1593 2837 1671 2894 fit;
1705 2832 1823 2891 mihi

177 2926 461 2962 vemomnes
481 2909 572 2958 illae
591 2926 785 2975 gemmae
807 2909 1099 2974 Virgilianae,
1131 2922 1182 2958 ut
1202 2909 1303 2957 aliae
1325 2908 1526 2958 Romani
1543 2913 1820 2977 argumenti,

177 2985 381 3036 recentia
410 2983 594 3049 ingenia
627 2984 820 3049 prodere
854 2984 1096 3041 videntur3
1141 3001 1234 3032 non
1268 2984 1390 3033 enim
1426 2983 1477 3031 id
1511 2984 1599 3032 fuit
1632 2985 1819 3036 suorum

177 3064 419 3127 po‘e‘tarum
436 3058 645 3125 *studium
681 3058 919 3119 Romanis,¹
956 3075 1038 3116 nec
1062 3057 1218 3106 Graeci
1238 3059 1425 3114 artifices
1442 3058 1574 3106 latini
1605 3060 1820 3114 carminis

178 3133 393 3203 peritiam
424 3134 602 3182 tantam
627 3132 828 3184 habuiffe
860 3133 1099 3191 videntur;
1133 3142 1290 3182 contra
1323 3133 1485 3180 saeculo
1506 3132 1607 3181 XV
1623 3145 1671 3182 et
1693 3133 1821 3192 XVI¹

179 3204 288 3263 cum
308 3207 488 3257 Graecae
506 3205 671 3256 fabulae
690 3208 833 3272 vulgo
860 3209 1199 3272 ignor-arentur,
1230 3206 1290 3254 ad
1313 3206 1568 3255 Romanam
1587 3207 1820 3261 historiam

179 3296 235 3338 ac
272 3281 414 3330 'ritum
442 3280 648 3331 revocari
679 3282 829 3347 prisca
856 3293 1165 3338 monumenta,
1198 3281 1256 3328 ad
1288 3280 1480 3329 eundem
1514 3281 1604 3335 alia
1625 3280 1823 3339 recentia

178 3364 316 3423 opera
334 3356 521 3424 confici,
541 3357 704 3422 paffimv
717 3357 935 3415 solebant.
1002 3357 1230 3414 Caeterum
1252 3354 1473 3404 celeritati
1492 3357 1607 3405 bene
1623 3357 1824 3406 consuli,

179 3437 256 3489 tur
269 3447 298 3479 a
317 3437 475 3499 poeta,
496 3429 634 3479 ‘omni
654 3416 784 3494 J'ovis
797 3431 1008 3481 sermone
1026 3432 1203 3488 omisso,
1235 3448 1328 3496 quo
1351 3432 1562 3481 mandata
1580 3432 1823 3483 Mercurio

179 3490 289 3555 data
323 3508 451 3555 etant
463 3517 480 3562 5
513 3512 719 3564 quaenam
750 3496 832 3553 illa
862 3496 1032 3555 fuerint
1063 3496 1361 3571 intelligimus
1391 3513 1450 3554 ex
1467 3497 1543 3557 ἰίε,
1573 3513 1674 3564 quae
1691 3496 1821 3578 Mer-

216 3590 227 3594 e
1665 3584 1825 3627 curius
