2294 4030
468 336 593 429 134
673 331 1319 410 excursus-²
1400 329 1891 419 &maximi

460 507 773 574 nitidiffimisg
819 514 1035 586 inprimis
1068 515 1128 564 ad
1171 514 1501 574 declarandam
1538 503 1780 570 notionem
1809 525 1883 570 τέ·
1926 525 1988 571 ἰν-ὕ
2009 510 2136 587 vig-*3

462 612 567 654 χιυε
585 594 736 655 χάριν,
771 590 962 640 adhibet
983 591 1098 651 illud
1121 599 1132 640 ὲ
1181 592 1257 639 Ὧς
1289 595 1356 640 gn
1389 592 1455 641 τῖς
1487 595 1645 656 χςὺσόν
1667 597 1941 659 περιχεύεται
1962 602 2133 664 ἀξιγῦςᾳρ

459 667 559 730 ιἰιῆς
594 667 720 731 Ἴδςις
741 667 878 715 —in
917 672 1011 737 quo
1055 672 1324 733 argentum,
1368 667 1418 716 h.
1467 684 1512 716 e.
1558 662 1879 721 ornamentum
1929 666 2130 739 aliquod.

462 753 515 790 et
563 743 774 803 ἄγαλμα,
809 740 1051 810 muliebris
1091 759 1139 790 v.
1185 758 1232 790 c.
1277 750 1487 795 ornatus,
1537 759 1609 809 ex!
1640 758 1855 809 argento,
1909 746 2129 799 ferrumia

459 816 652 867 'natione
681 811 912 882 (scansion,
942 819 1151 881 συναφῇ),
1184 815 1409 864 inclusum
1434 831 1567 870 auro,
1599 816 1865 883 intelligere
1896 820 1947 870 in
1967 834 2132 888 proma

459 902 516 942 tu
537 895 634 951 est3
682 893 732 943 in
775 910 868 958 quo
906 892 1092 958 argenti
1130 891 1255 940 nitor
1286 894 1342 940 ac
1377 890 1554 939 candor
1586 891 1712 941 inter
1746 909 1910 944 aurum
1942 898 2135 955 suavius·

457 981 518 1020 ac
552 969 753 1018 vividius
797 968 1045 1024 elucescit3
1097 966 1199 1015 auri
1231 967 1358 1016 enim
1402 966 1634 1016 rutilantis
1675 967 1922 1034 splendore
1959 987 2126 1042 reper-

458 1045 583 1112 cuss‘o
605 1044 790 1110 argenti
817 1045 940 1092 nitor
975 1043 1126 1091 multo
1170 1042 1324 1105 magis
1364 1041 1620 1091 efflorescit.
1690 1040 1907 1110 Apparet
1948 1065 2009 1098 ex
2027 1046 2121 1109 ..his

458 1114 570 1183 {ipsis
612 1119 727 1169 locis
762 1119 903 1166 talem
936 1116 1122 1182 argenti
1166 1115 1359 1181 aurique
1401 1116 1452 1165 in
1491 1133 1584 1165 uno
1630 1133 1774 1182 opere
1820 1122 2122 1176 consociandi

458 1195 592 1245 usum
621 1211 676 1244 ac
708 1211 889 1262 morem
917 1193 1130 1257 viguiss‘e,
1178 1205 1226 1241 et
1264 1193 1481 1258 placuiss‘e
1514 1194 1714 1243 Homeri
1752 1195 1913 1246 saltem
1949 1212 2087 1252 aetate
2107 1220 2124 1252 ε

457 1269 599 1321 Talis
639 1281 740 1319 erat
790 1269 996 1317 calathus
1036 1267 1230 1316 Helenae‘
1269 1285 1327 1317 ex
1365 1270 1583 1332 AEgypto
1634 1283 1906 1335 apportatus
1950 1275 2122 1339 Odyff.

458 1344 506 1401 θ’,
547 1362 637 1410 132
680 1347 864 1409 τάλαςον
883 1345 1117 1407 Ἀξεγύξεον·
1158 1351 1306 1408 χρυσῷ
1346 1344 1386 1391 δ’
1422 1345 1492 1393 ἐπ)
1513 1346 1666 1409 χείλεσι
1686 1349 1940 1409 ›aenedas-ro.
2012 1353 2132 1402 Tao·

456 1420 516 1469 lis
539 1432 640 1469 erat
668 1434 824 1470 crater
845 1419 959 1467 ibid.
984 1437 1032 1467 v.
1067 1419 1127 1467 61
1139 1436 1185 1485 ς.
1255 1419 1464 1468 Omnino
1497 1420 1644 1469 variis
1678 1423 1878 1472 metallis
1915 1442 2000 1475 vas
2040 1415 2120 1479 vel

463 1496 655 1544 utensile
700 1494 956 1544 exornandi
993 1511 1176 1543 morem
1213 1495 1342 1544 fuiffe
1385 1495 1591 1544 declarat
1621 1514 1668 1545 v.
1705 1514 1749 1546 c.
1784 1500 1928 1547 lectus
1956 1501 2124 1565 Ulyffis

459 1571 626 1636 Odyff.
664 1573 727 1631 ψ,
763 1590 877 1621 200.
963 1574 1030 1620 At
1066 1572 1217 1620 eboris
1254 1572 1468 1636 aurique,
1506 1574 1718 1638 inprimis
1757 1576 1809 1624 in
1848 1579 2125 1643 anaglypho

455 1664 620 1711 opere,
651 1647 873 1696 miscendi
906 1664 1007 1695 mos
1042 1664 1070 1694 a
1107 1646 1288 1695 Graecis
1328 1648 1641 1713 Romanisque
1683 1651 1746 1698 est
1781 1651 2118 1717 frequentatusz

456 1725 522 1773 cf.
548 1723 642 1777 Ge.
666 1725 765 1782 III,
791 1724 870 1773 26.
940 1723 1103 1789 Coepit
1121 1731 1305 1790 quoque
1321 1724 1485 1790 lignum
1507 1725 1625 1776 ebore
1646 1729 1868 1796 dssingui,
1898 1748 1997 1781 mox
2012 1744 2113 1797 ope-

455 1804 576 1853 riri:
614 1800 738 1849 Plin.
767 1801 910 1856 XVI,
944 1816 1005 1865 43
1027 1799 1061 1847 s.
1087 1803 1166 1864 84.
2026 1804 2031 1807 ⁷

862 1940 1442 2001 EXCURSUS
1510 1944 1698 2006 xxm.

821 2041 1018 2101 Teucri
1073 2042 1147 2100 ad
1211 2043 1445 2100 Sidonios
1506 2043 1750 2119 acceffus.

517 2154 565 2209 Ῑ,
599 2153 877 2220 619—626.
912 2155 1054 2219 Atque
1074 2155 1259 2218 equidem
1297 2151 1500 2202 Teucrum·
1532 2144 1700 2202 memi'ni
1740 2156 1902 2203 Sidona
1943 2157 2120 2204 venire)

454 2223 638 2278 Finibus
659 2230 864 2295 expulsicm
881 2235 1063 2293 patriis,
1091 2246 1214 2277 nova
1236 2244 1370 2292 regna
1388 2241 1594 2292 petentem
1627 2229 1801 2278 Auxilio
1836 2230 1937 2278 Beli
1955 2249 1973 2279 .·
2027 2247 2113 2294 ge-

448 2310 563 2353 nitor
600 2309 697 2354 dum
739 2305 868 2354 Belus
904 2310 1084 2369 opimam
1111 2304 1323 2369 Vastabat
1347 2305 1534 2368 Cypru'm
1556 2319 1596 2352 et
1619 2310 1768 2354 vidior
1790 2309 1948 2354 ditione
1985 2320 2105 2354 tene·

451 2378 550 2430 bat.
579 2376 583 2379 ⁴
620 2378 779 2429 Multa
796 2398 904 2429 cum
923 2393 1021 2428 arte
1040 2396 1093 2427 ac
1110 2379 1363 2444 sagacitate
1397 2381 1495 2428 haec
1526 2397 1584 2428 ex
1629 2380 1916 2445 tragicorum
1943 2379 2114 2429 fabulis

454 2455 516 2503 ad
550 2455 775 2518 majorem
807 2455 874 2503 rei
898 2454 1276 2520 probabilitatem
1306 2455 1516 2503 traduxit
1555 2456 1712 2519 po'e'ta.
1782 2456 1990 2511 Teucer,
2033 2473 2112 2504 re-

452 2531 551 2580 dux
572 2548 600 2579 a
621 2531 791 2594 Troja,
825 2548 853 2579 a
874 2542 1007 2596 patre
1024 2530 1283 2578 Telamone
1304 2530 1461 2594 aspere
1480 2541 1720 2595 acceptus,
1756 2531 1850 2579 five
1869 2531 1993 2596 quod
2012 2531 2111 2580 fra->

451 2616 575 2661 trem
600 2607 796 2670 Ajacem
835 2623 928 2654 non
952 2607 1058 2654 effet
1094 2607 1234 2660 ultus,
1282 2605 1372 2654 five
1403 2605 1495 2652 alia
1530 2605 1589 2653 de
1622 2607 1771 2654 cauffa
1811 2607 1889 2668 )v.
1920 2608 2078 2670 Serv.)
2090 2642 2109 2665 ‚

451 2698 604 2746 neque
638 2681 688 2729 in
731 2681 923 2730 insulam
968 2680 1247 2728 Salaminem
1283 2680 1515 2734 admissus,
1550 2680 1669 2728 sorte
1703 2680 1870 2729 Phoebi
1888 2692 2106 2746 accepta,

454 2757 706 2823 profectus,
755 2771 926 2805 novam
971 2756 1251 2804 Salaminem
1306 2756 1354 2803 in
1411 2756 1579 2819 Cypro
1629 2755 1859 2805 condidit.
1948 2757 2112 2806 Plures

454 2834 587 2882 fuere
625 2831 758 2894 hujus
797 2831 1062 2898 argumenti
1094 2832 1287 2897 tragicae
1320 2831 1501 2879 fabulae.
1570 2831 1714 2880 Nunc
1742 2830 1798 2879 ea'
1822 2831 1882 2880 de
1913 2849 1964 2881 re
2004 2833 2107 2882 He-

453 2908 559 2956 lena
593 2907 757 2972 Eurip.
799 2910 860 2971 89
914 2906 1013 2971 sqq.
1071 2922 1162 2971 144
1215 2907 1314 2971 sqq.
1366 2908 1428 2954 est
1474 2906 1764 2955 consulenda.
1836 2908 2110 2958 EXtiterunt

454 2984 586 3032 forte·v
608 2984 750 3032 etiam
793 2983 941 3047 lyrica
988 2982 1214 3038 carmina,
1262 2981 1381 3030 unde
1421 2981 1647 3031 Horatius
1683 2983 1707 3031 Ι
1746 2983 1910 3032 Carm.
1947 2999 1978 3047 7
2024 3001 2108 3034 ex-

453 3060 627 3124 preffit,
658 3059 739 3108 nifi
770 3058 809 3106 is
850 3058 1108 3107 Pacuvium
1146 3070 1255 3105 ante
1301 3058 1458 3105 oculos
1498 3056 1678 3105 habuit.
1715 3074 1765 3106 v.
1809 3058 1918 3107 Cic.
1952 3059 2008 3107 ΙΙ
2046 3058 2110 3106 de

454 3138 544 3184 Or.
561 3135 643 3198 46.
713 3135 821 3198 Jam
845 3133 1058 3197 Cyprum
1087 3149 1116 3180 a
1157 3132 1452 3180 Phoenicibus
1486 3131 1680 3180 coloniis
1716 3132 1845 3182 fuiffe
1887 3133 2113 3199 frequen-

454 3220 622 3262 tatam,
670 3221 810 3273 atque
849 3207 992 3272 etiam
1031 3206 1207 3255 ditione
1260 3206 1487 3262 habitam,
1535 3206 1613 3254 vel
1663 3206 1764 3272 ipse
1808 3207 1964 3256 insulae
2001 3207 2110 3257 fitus

459 3286 706 3351 probabile
730 3285 862 3334 facit.
917 3285 968 3333 ‘F
971 3296 1072 3333 orte
1092 3297 1247 3341 tamen
1286 3294 1335 3332 et
1372 3283 1660 3336 historiarum
1694 3294 1991 3351 monumenta
2013 3295 2112 3332 tra-

455 3360 694 3423 diderant,
742 3377 769 3408 a
808 3359 974 3425 Tyriis
1019 3361 1098 3408 vel
1138 3357 1358 3415 Sidoniis,
1405 3370 1454 3407 et
1491 3358 1680 3425 quidem
1718 3375 1746 3406 a
1779 3359 1894 3408 Belo
1929 3358 2105 3424 aliquo,

458 3434 675 3502 Cyprum
712 3434 840 3483 fuisse
883 3434 1010 3483 bello
1045 3433 1258 3500 petitam.
1329 3433 1490 3482 Paullo
1525 3445 1678 3482 tamen
1712 3431 1924 3482 licentius
1945 3431 1994 3482 in
2014 3434 2113 3505 his,

458 3508 565 3575 jure
609 3509 802 3576 quidem
839 3509 937 3568 suo,
970 3509 1179 3560 versatur
1219 3508 1380 3577 poeta.
1462 3507 1602 3560 Facit
1642 3508 1763 3567 Beli,
1796 3508 1922 3576 Tyri
1958 3508 2108 3574 regis}
2170 3537 2178 3546 -

1890 3660 1894 3662 ἡ
1948 3582 2111 3637 sedens
