2294 4030
537 265 540 268 ’
566 267 627 329 A
655 255 746 332 D*
785 255 895 331 L'I
927 269 1064 332 BR
1092 271 1158 333 U
1187 267 1290 333 M.
1330 273 1440 338 Ivss

183 431 349 483 strum
383 409 604 485 eventum
625 417 962 485 luctuofiore'm·
1031 434 1278 486 Excitatus
1301 436 1425 486 enim
1458 454 1513 487 ea
1550 409 1630 508 1¹3
1692 485 1694 487 ,
1727 455 1746 476 >¹

189 523 302 558 vem
358 512 572 576 precibus
614 525 793 567 movet,
827 508 879 560 ut
931 509 1132 561 AEneam
1189 513 1268 562 ille
1313 515 1606 580 Carthagine
1631 500 1840 564 evocet.

193 583 356 634 Paullo
396 581 602 654 longius,
649 592 789 654 quam
831 603 919 650 par
955 601 1074 642 erat,
1118 589 1310 654 poetam
1341 589 1450 636 huic
1482 589 1588 638 loco
1621 590 1709 636 effe
1745 587 1838 635 im-'

188 668 440 716 moratum,
467 661 712 726 judicabat
743 660 1006 710 Addisonus
1045 680 1153 713 cum
1193 661 1312 711 aliis.
1380 664 1440 711 In
1464 663 1536 711 his
1572 674 1728 712 tamen
1750 673 1836 709 tae-

187 729 318 782 dium
358 734 442 784 vix
483 737 730 792 suboritur,
763 734 846 784 nifi
890 735 1058 786 talibus
1098 736 1479 802 descriptionibus
1519 737 1656 786 nimis
1697 737 1836 799 saepe,

187 817 240 856 et
271 809 424 859 alieno
457 813 582 869 loeo,
615 812 876 864 inculcatis.
907 826 909 832 ’
947 811 1091 863 Poe'ta
1124 814 1240 862 vero
1275 829 1367 862 non
1400 813 1451 860 in
1486 812 1636 877 specie
1676 813 1834 859 Famae

184 881 467 937 declaranda
504 888 564 936 ad
598 883 826 936 fastidium
868 888 1008 952 usque
1047 887 1258 942 substitit,
1305 888 1381 936 sed
1412 901 1460 937 et
1496 889 1617 937 faCt'a
1651 887 1750 950 ejus
1784 897 1836 935 et

185 972 340 1007 mores
370 956 419 1011 et
444 962 678 1028 originem
712 961 830 1010 adeo
859 964 1090 1013 narrando
1122 963 1441 1027 descriptionis
1481 963 1671 1011 taedium
1708 973 1834 1012 tem·

136 1062 139 1065 -
181 1033 387 1098 peravit.
455 1038 714 1087 Fatendum
748 1049 923 1092 tamen,
974 1040 1060 1086 esse
1090 1038 1199 1094 alia,
1249 1055 1351 1102 quae
1389 1037 1617 1086 subtiliori
1650 1036 1834 1100 judicio

183 1105 268 1156 vix
298 1108 404 1159 satis
439 1112 484 1160 se
519 1111 738 1179 probent,
792 1128 822 1159 a
860 1111 972 1160 viris
1009 1113 1154 1161 doe‘tis
1191 1129 1286 1161 non
1322 1112 1654 1162 animadversa.
1722 1111 1833 1161 Pri-

181 1196 338 1256 mov.
376 1188 467 1251 176
504 1189 625 1242 male
646 1188 974 1258 'interpositum
1000 1189 1061 1236 est
1085 1203 1212 1244 metu,
1246 1188 1371 1253 quod
1395 1206 1421 1236 a
1454 1191 1490 1237 F
1495 1196 1599 1238 ama
1621 1187 1669 1236 in
1690 1188 1831 1236 deam

152 1271 363 1308 'mutata
397 1279 481 1311 nos
514 1275 709 1312 revocat
747 1263 806 1311 ad
844 1263 1136 1318 abstractum,
1172 1263 1296 1328 quod
1334 1263 1551 1317 dicimus,
1586 1264 1645 1312 ad
1679 1263 1829 1326 ipsum

179 1328 446 1394 rumorem;
502 1339 702 1387 debebat
738 1340 824 1386 effe
866 1355 1011 1403 parva
1051 1340 1203 1404 primo
1241 1351 1389 1394 motu,
1445 1340 1594 1396 cursu,
1649 1341 1830 1389 volatu.

180 1406 288 1458 Nec
331 1412 582 1462 verborum
626 1413 796 1476 positus
841 1412 1065 1468 admittit,
1115 1427 1166 1462 ut
1202 1427 1311 1461 metu
1356 1414 1408 1461 fit
1446 1415 1504 1461 ad
1550 1428 1743 1470 metum,
1778 1429 1831 1465 ut

176 1495 355 1533 metum
394 1489 590 1553 injiciat.
680 1490 738 1537 In
773 1505 819 1535 V.
861 1493 952 1536 180
981 1488 1160 1552 pedibus
1202 1489 1367 1537 celerem
1397 1504 1440 1538 et
1468 1490 1710 1554 pernicibus
1743 1492 1831 1540 alis

177 1560 321 1627 otiose
361 1567 566 1630 appofita
600 1565 719 1619 sunt,
752 1564 831 1612 illo
866 1564 1055 1630 quidem
1106 1566 1229 1620 loco,
1265 1577 1312 1613 et
1351 1565 1544 1614 resecari
1577 1568 1828 1618 debebant.

177 1635 393 1687 Tandem
434 1641 492 1689 ad
528 1641 747 1706 speciem,
781 1657 922 1705 quam
963 1653 1117 1688 mente
1156 1640 1404 1705 animoque
1435 1641 1522 1690 tibi
1555 1643 1748 1690 reddere
1780 1656 1830 1695 et

178 1711 401 1762 exhibere
441 1717 594 1781 poffis,
648 1717 728 1765 illa
772 1715 963 1780 quidem
1007 1717 1107 1763 sunt
1149 1716 1389 1780 praeclara,
1443 1717 1533 1764 effe
1576 1720 1825 1768 monstrum

173 1786 347 1852 plumis
386 1792 619 1858 oculisque
649 1793 905 1847 confitum3
939 1803 989 1839 at
1028 1791 1201 1855 linguis,
1234 1790 1392 1846 oribus,
1425 1792 1690 1859 auribusque,
1724 1805 1828 1843 toto

171 1870 372 1929 corpore
406 1870 623 1918 includam
662 1868 897 1934 quomodo
925 1867 1039 1916 illud
1079 1868 1169 1915 effe
1208 1867 1369 1931 poffit:
1418 1881 1483 1917 tot
1518 1868 1695 1933 linguce,
1728 1875 1827 1918 toti-

154 1942 211 1999 d
247 1991 250 1994 Α
302 1964 383 1994 ora
402 1951 582 2010 sonant,
615 1963 678 1997 tot
697 1947 894 2014 subrigit
929 1966 1056 1995 aures
1074 1966 1094 1995 .·
1129 1947 1218 1994 hoc
1255 1945 1337 1993 vix
1373 1946 1636 2010 affequaris.
1704 1951 1823 2014 Qae

138 2027 139 2030 ’
170 1960 462 2086 ἰὶᾷἑκῐτεῑῃίε
494 2027 638 2090 pofita
667 2026 798 2073 sunt:
832 2021 946 2072 Tam
963 2025 1072 2088 fidi
1084 2026 1312 2087 pravique
1333 2035 1483 2077 tenax,
1515 2043 1640 2088 quam
1666 2030 1823 2074 nuntia

151 2102 310 2163 ‘verig
345 2100 551 2149 excusari
574 2103 785 2165 poffunt3
818 2102 882 2148 est
903 2100 1027 2147 enirn
1062 2098 1312 2147 monstrum
1345 2098 1509 2145 vocale
1543 2113 1591 2147 et
1626 2101 1820 2165 loquax,

175 2184 227 2222 ut
264 2172 512 2240 Harpyiae,
569 2177 752 2226 Sirenes
797 2189 846 2225 et
889 2177 992 2224 alia.
1079 2174 1315 2222 Caeterum
1357 2172 1407 2220 in
1464 2175 1621 2222 Famae
1668 2177 1820 2242 specie

170 2251 416 2313 monstrosa
451 2255 716 2319 exemplum
763 2253 985 2302 habemus
1023 2249 1130 2299 satis
1167 2248 1456 2298 manifestum
1486 2249 1675 2299 diversae
1701 2260 1818 2316 poe..

169 2324 268 2375 seos
303 2338 353 2375 et
389 2327 580 2392 picturae
614 2329 810 2378 indolis:
848 2329 971 2393 pic'ta
1007 2325 1134 2373 enim
1172 2324 1252 2372 illa
1289 2323 1413 2372 haud
1444 2325 1630 2388 placere
1663 2330 1827 2392 poffit.'

168 2401 230 2450 [ιι
255 2405 606 2467 comparatione
637 2404 906 2453 Homericae
928 2401 1094 2450 Eridos
1124 2416 1233 2448 cum
1267 2398 1532 2465 Virgiliana
1563 2402 1709 2451 Fama
1731 2403 1817 2452 ad..

167 2468 355 2526 modum
391 2480 600 2544 argutari
628 2480 815 2528 videtur
848 2476 1124 2528 Macrobius
1155 2475 1224 2529 V,
1266 2489 1339 2535 13.
1408 2475 1702 2526 Incrementa
1736 2498 1815 2529 ru..

165 2553 308 2621 moris
347 2570 406 2603 ex
438 2555 538 2620 ipso
576 2557 815 2622 progreffu
849 2555 1012 2603 melius
1046 2549 1245 2614 exprimi
1279 2548 1362 2597 vix
1397 2562 1614 2614 poterant
1624 2572 1641 2611 ;
1681 2567 1728 2602 et
1759 2572 1811 2607 v,

170 2623 262 2694 ¹77
291 2631 669 2694 praestantiffimus
698 2630 948 2679 secundum
974 2626 1091 2682 illud
1115 2624 1213 2687 jam
1242 2641 1271 2673 a
1291 2623 1509 2689 Longino
1528 2626 1559 2678 s.
1600 2646 1631 2693 9
1650 2629 1814 2678 lauda..

163 2710 295 2754 &flmt
329 2707 495 2770 Οὐρανῷ
513 2708 671 2770 {Thelge
691 2708 818 2769 κάξη,
851 2706 927 2753 καῖ
963 2703 1035 2752 ἔπι
1070 2699 1196 2765 χθονί
1216 2701 1366 2754 Βαίνεί·
1457 2702 1613 2752 Deam
1636 2705 1814 2756 fecerat

163 2776 403 2832 ΕΜ
383 2797 485 2842 jam
514 2780 705 2831 Hefiod.
719 2781 846 2844 ”.Εςγ
880 2779 978 2834 sub
991 2779 1026 2828 f
1059 2772 1338 2834 Φημη-θεός
1359 2774 1400 2823 vti
1420 2796 1485 2826 τις
1504 2779 1567 2833 ἓςι
1587 2802 1658 2827 και
1684 2783 1809 2835 αὕτη..

151 2839 398 2934 μ,ΔΙίΞᾼςμεεει
428 2855 564 2906 dabit
586 2857 745 2906 Cerda
774 2857 862 2907 inf.
894 2857 955 2905 ad
996 2872 1106 2927 ¹95

307 2945 363 2977 ‘x

181 3075 183 3090 ἶ
588 3011 1356 3070 EXCURSUSIV

178 3158 200 3218 ᾗ
246 3153 250 3155 ’
587 3124 709 3183 Τ
687 3127 925 3208 emplum
945 3125 1035 3184 H
1006 3125 1315 3205 spertdum
1366 3143 1396 3148 ·’
1421 3144 1424 3145 ’

216 3240 317 3302 IV,
349 3249 605 3316 483—-483
657 3250 775 3298 Hinc
812 3250 922 3299 mihi
970 3247 1170 3314 Maffylae
1203 3250 1348 3313 gentis
1385 3248 1622 3309 monstrata
1651 3245 1805 3294 Sacer..

146 3317 251 3383 dos,
303 3321 373 3370 H
350 3325 575 3387 sperzdum
609 3324 756 3389 templi
781 3329 927 3391 astos,
982 3324 1201 3389 epulasque
1231 3324 1407 3370 draconi
1439 3322 1558 3386 Qec
1594 3320 1737 3370 dabat
1762 3334 1806 3371 et

156 3396 292 3449 aco-os
299 3400 528 3463 servabat
562 3406 611 3451 in
637 3402 793 3454 arbore
829 3422 987 3454 ramos.
1071 3403 1186 3468 Jure
1214 3399 1294 3453 suo
1323 3400 1385 3449 ab
1416 3399 1667 3465 interprete
1694 3398 1808 3526 Vssi

1699 3491 1787 3541 gu

422 3070 505 3113 ''²³x.
