2294 4030
628 243 802 317 ..AD
860 244 1301 308 LIBRUM
1355 249 1441 312 11.
1731 211 1845 341 287

169 403 298 461 'tum
332 408 528 461 disceffit
577 410 750 460 Comes
786 411 963 476 Caylus
998 409 1048 460 in
1082 410 1468 478 interpretatione
1510 428 1558 467 et
1593 418 1851 477 adumbra.

194 473 689 549 tiones'hujuupiaurae
707 487 852 550 (Hfi.
872 487 924 534 de
940 485 981 534 ι’
1001 487 1142 555 Αωᾱῖ
1174 489 1244 536 des
1273 489 1410 550 laser.
1442 490 1585 540 Tom.
1622 493 1848 559 xxvn,

180 577 244 627 ·p,
281 563 384 623 34).
413 607 418 611 ,
448 558 540 607 sed
568 558 720 624 Epeus
750 575 810 608 ex
842 552 1033 608 artificis
1068 573 1221 609 mente
1242 561 1419 612 ruinam
1442 567 1562 614 muri
1583 569 1847 633 ampliabat,

193 632 530 699 utptospeflus
562 633 615 681 in
648 633 809 683 urbem
829 645 1019 699 pateret,
1052 633 1173 683 intra
1195 637 1324 699 cujus
1343 638 1512 687 moenia
1530 655 1659 690 erant
1679 643 1851 710 patefa-

192 703 361 761 cienda
386 707 622 765 nonnulla,
651 723 754 772 quae
785 709 845 756 ad
867 719 1183 772 argumentum
1204 710 1476 774 speetabant.
1547 716 1711 766 Praeter
1733 717 1848 767 arti-

191 780 292 836 ficis
320 791 472 828 tamen
502 779 707 829 animum
734 796 788 828 ac
814 797 966 845 graeca
994 781 1241 840 Pausaniae,
1272 788 1469 850 express'a
1502 787 1605 836 sunt
1634 807 1660 836 a
1691 792 1848 855 Caylo

193 854 334 904 etiam
367 855 459 903 alia
481 855 717 905 nonnulla.
784 855 866 903 Ad
884 857 1082 904 nostrum
1112 869 1287 922 tempus
1305 859 1477 908 servata
1498 878 1654 927 opera,
1675 866 1725 912 in
1744 867 1850 930 qui-

194 928 283 980 bus
315 929 474 996 Equus
506 929 736 994 Trojanos
768 929 944 986 visitur,
978 929 1382 982 Winckelmannus
1417 935 1530 986 olim
1566 941 1850 999 numerabat,

192 1014 410 1068 quatuor,
453 1003 699 1069 pieturam,
742 1003 847 1053 satis
888 1003 1054 1052 inscite
1095 1004 1278 1063 saetam,
1326 1008 1520 1058 Codicis
1558 1012 1778 1061 Vaticani
1821 1031 1851 1062 a

193 1076 404 1129 Bottario
421 1079 500 1127 ed.
524 1095 572 1144 p.
611 1095 675 1143 43
697 1089 744 1126 et
763 1094 852 1143 473
886 1077 1085 1127 tabulam
1103 1078 1295 1128 Iliacam
1316 1098 1344 1129 a
1368 1081 1580 1133 Fabretto
1601 1087 1851 1151 vulgatam.

183 1167 326 1214 Anum.
347 1169 409 1219 95
432 1163 478 1202 et
506 1154 596 1203 100
622 1153 762 1215 (unde
784 1153 977 1217 Begerus
998 1154 1221 1201 transtulit
1249 1155 1299 1202 iu
1322 1156 1405 1205 lib.
1443 1158 1502 1206 de
1539 1161 1665 1209 Bello
1687 1175 1732 1210 et
1754 1164 1853 1211 Ex-

194 1228 324 1278 cidio
344 1229 541 1294 Troj.);
572 1245 801 1294 gemmam
833 1229 955 1293 apud
989 1229 1200 1278 Lieetum
1222 1248 1266 1294 p.
1307 1249 1400 1296 310
1435 1236 1479 1296 (e
1511 1252 1602 1299 quo
1639 1236 1849 1290 Gorlaeus

190 1302 380 1369 'repetiit
402 1304 452 1354 P.
490 1305 540 1352 II
580 1322 629 1353 n.
665 1320 723 1370 52
731 1306 777 1365 3)
789 1321 804 1359 ;
839 1314 884 1351 et
914 1303 1133 1367 picturam
1173 1304 1560 1357 Herculanensem
1594 1312 1733 1359 Tom.
1758 1313 1851 1362 ΠΙ.

194 1393 262 1443 40
298 1394 350 1426 re
381 1378 433 1427 in
463 1379 604 1428 risum
641 1379 784 1435 versa,
818 1389 869 1426 ut
891 1394 975 1442 pro
1006 1378 1193 1442 parodia
1225 1378 1399 1428 scenica
1421 1382 1579 1431 haberi
1606 1401 1671 1432 res
1692 1387 1851 1450 possit3

194 1453 362 1519 quibus
399 1453 496 1519 ipse
520 1454 703 1503 addidit
726 1454 937 1518 quintum
959 1455 1215 1518 exemplum
1237 1473 1263 1503 e
1293 1473 1496 1521 gemma,
1528 1459 1719 1508 Monam.
1757 1476 1854 1510 ant.

187 1531 308 1594 pind.
345 1529 507 1585 CXL,
541 1546 647 1593 quae
693 1545 800 1577 cum
833 1527 1039 1594 Virgilio
1076 1529 1287 1578 haetenus
1322 1534 1555 1590 convenit,
1588 1536 1711 1598 quod
1730 1535 1781 1583 in
1801 1552 1855 1584 ea

145 1618 148 1624 ’
194 1605 446 1668 expreffum
484 1604 553 1660 id,
587 1603 712 1668 quod
759 1621 806 1652 V.
847 1603 939 1652 262
963 1602 1184 1667 legimus:
1221 1605 1448 1669 Demffcm
1469 1607 1577 1671 lapsi
1587 1622 1667 1671 per
1670 1615 1824 1674 funem
1834 1631 1852 1667 3

196 1687 348 1727 tamen
385 1678 516 1727 fimul
551 1678 672 1726 scala
707 1677 893 1725 admota
925 1693 1042 1741 equo
1064 1677 1284 1735 cernitur,
1318 1697 1458 1744 quam
1504 1682 1707 1748 Qintus
1745 1684 1854 1732 Cal.

103 1767 107 1770 ’
197 1751 345 1812 XIII,
379 1770 440 1820 52
475 1764 522 1801 et
558 1751 822 1817 Tryphiod.
857 1768 903 1799 v.
947 1753 1006 1814 89
1048 1764 1317 1808 memorant,
1352 1754 1534 1802 Tabula
1554 1757 1690 1804 etiam
1713 1757 1855 1806 Iliaca

197 1844 327 1877 num.
367 1845 458 1878 100
494 1827 699 1875 exhibet.
767 1826 1030 1874 Cernuntur
1061 1824 1236 1873 ibidem
1268 1827 1452 1891 clazgstra
1491 1833 1551 1889 (v.
1592 1831 1675 1879 inf.
1716 1836 1852 1897 259),

120 1963 123 1965 Β
198 1918 304 1966 quae
326 1901 472 1950 Sinon
487 1902 615 1950 laxat
635 1911 681 1948 et
703 1898 864 1964 aperit,
897 1899 945 1947 h.
991 1915 1031 1947 e.
1071 1897 1294 1962 Suglovseu
1315 1903 1550 1960 ostiolum3
1583 1906 1710 1968 quod
1731 1905 1856 1953 idem

197 1991 304 2025 cum
339 1975 448 2024 fune
470 1972 530 2023 'in
564 1965 739 2039 piCtura
773 1973 966 2021 Codicis
988 1972 1145 2021 Vatic.
1176 1992 1222 2038 p.
1257 1992 1317 2041 47
1350 1978 1566 2027 occurrit.
1636 1979 1853 2028 Habebat

197 2050 347 2114 igitur
375 2056 517 2116 poe'ta
553 2051 755 2098 fabulam
778 2066 804 2096 a
827 2049 982 2097 multis
1002 2050 1237 2097 trattatam
1259 2064 1305 2098 et
1326 2053 1556 2118 vulgarem
1581 2067 1686 2103 ante
1709 2055 1753 2102 se
1772 2073 1857 2120 po-

117 2149 124 2153 -
198 2126 345 2184 fitam,
367 2126 446 2175 sed
463 2142 569 2173 cum
589 2141 642 2172 ea
658 2125 787 2172 simul
809 2123 1009 2188 tragicos
1030 2122 1131 2171 suos
1150 2141 1207 2171 ex
1230 2124 1405 2173 Graecis
1427 2130 1662 2192 expressos,
1728 2130 1856 2178 Nam

200 2204 335 2252 Livii
367 2201 600 2248 Andronici
627 2198 717 2247 fuit
755 2198 931 2255 fabula,
964 2198 1107 2264 Equus
1135 2200 1362 2264 Trojanus,
1411 2217 1437 2248 e
1474 2220 1563 2265 qua
1599 2204 1858 2268 fragmenta

200 2292 346 2341 pauca
382 2275 634 2339 supersunt,
666 2273 844 2338 aliaque
880 2273 1040 2319 Naevii
1069 2289 1145 2337 ap.
1185 2273 1399 2322 Macrob.
1436 2275 1526 2333 VI,
1571 2295 1616 2333 1,
1655 2290 1700 2325 et
1722 2278 1781 2326 de
1799 2294 1857 2327 eo

131 2342 133 2346 Α
200 2352 350 2401 astum
374 2349 464 2399 fuit
486 2366 667 2414 quoque
689 2346 739 2396 in
759 2350 880 2396 Accii
897 2348 1128 2413 Deiphobo.
1145 2366 1189 2396 v.
1214 2347 1336 2396 Serv.
1360 2350 1418 2397 ad
1438 2349 1506 2407 II,
1534 2369 1610 2417 17.

152 2437 157 2444 ‘
264 2426 354 2474 Sed
381 2425 569 2491 gravior
602 2423 859 2473 observatio
894 2423 1011 2472 forte
1046 2424 1105 2471 est
1139 2423 1236 2481 illa,
1271 2441 1362 2488 qua
1383 2437 1476 2473 arte
1497 2433 1633 2490 poeta
1656 2428 1858 2477 fabulam

199 2515 282 2564 per
314 2499 360 2548 se
385 2499 605 2565 puerilem
641 2510 688 2546 et
721 2498 890 2562 nullam
929 2496 1199 2549 πιθανότητα
1234 2497 1474 2546 habentem
1498 2499 1563 2546 ita
1585 2503 1857 2559 traCtaverit,

202 2566 408 2626 ut'nihil
445 2591 530 2622 nos
562 2573 612 2621 in
649 2589 705 2621 ea
739 2572 960 2631 offendat,
1009 2573 1152 2620 multa
1188 2571 1425 2620 delet‘tent.
1506 2573 1721 2623 Fabulam
1755 2575 1857 2623 dixi

201 2647 422 2712 puerilem
461 2658 507 2694 et
526 2639 623 2712 'per
657 2647 702 2694 se
739 2661 899 2709 parum
932 2645 1246 2711 probabilem:
1281 2646 1359 2693 etfi
1390 2646 1857 2711 interpretationesua

200 2723 472 2787 eamjuvare
492 2720 646 2769 conati
668 2721 752 2769 smt
775 2719 911 2768 multi
945 2719 1086 2768 etiam
1107 2720 1226 2768 inter
1245 2732 1431 2769 veteres.
1499 2721 1622 2769 Vide
1639 2724 1708 2771 vel
1731 2723 1859 2772 Serv.

164 2789 165 2793 ¹
199 2788 250 2862 et
269 2794 472 2857 Cerdam
493 2795 553 2841 ad
575 2795 623 2843 h.
661 2794 696 2842 l.
727 2804 774 2841 et
794 2793 924 2859 plura
944 2793 1049 2841 satis
1068 2796 1220 2859 inepte
1242 2794 1502 2858 excogitata
1523 2811 1597 2859 ap.
1639 2795 1855 2846 Licetum

202 2867 392 2932 Gemmis
411 2866 630 2918 Annular.
652 2884 700 2932 p.
726 2882 820 2930 310
839 2866 936 2930 sqq.
1003 2867 1091 2915 Sed
1111 2867 1234 2915 haud
1253 2867 1394 2915 dubie
1415 2866 1465 2914 in
1487 2869 1647 2917 veteris
1664 2870 1860 2922 Graeciae

186 2938 364 3009 'prisco
382 2941 607 3000 sermone,
639 2941 834 2989 audaces
852 2953 898 2988 et
931 2940 1168 2989 insolentes
1190 2941 1353 3005 figuras
1373 2941 1583 3000 restante,
1615 2943 1751 3009 origo
1769 2945 1857 2993 hu-

197 3017 276 3084 jus
307 3015 430 3081 Equi
465 3015 592 3066 latet.
657 3010 803 3082 Qod
841 3026 994 3064 tamen
1031 3033 1103 3064 me
1136 3015 1186 3063 in
1222 3017 1308 3064 hac
1330 3016 1487 3064 fabula
1520 3019 1664 3066 multo
1685 3019 1853 3084 magis,

202 3092 348 3148 tenet,
373 3091 440 3139 'est
457 3090 566 3148 hoe,
583 3091 809 3156 quod*ille
829 3106 972 3155 equus
991 3089 1166 3139 Palladi
1189 3091 1288 3139 voti
1310 3093 1454 3139 caussa
1473 3090 1670 3141 effertur.
1707 3092 1855 3153 Nam,

207 3165 244 3216 fi
266 3165 510 3233 Neptuno,
534 3157 767 3230 'Equestris
786 3165 853 3214 rei
874 3157 1068 3223 austeri,
1100 3167 1274 3231 Ἱππίῳ,
1305 3167 1611 3215 consecratum
1633 3167 1870 3226 viderem,-

205 3253 303 3289 non
340 3240 542 3290 mirarer.
611 3239 754 3307 Quod
797 3239 938 3287 Pallas
973 3241 1146 3288 artibus
1165 3242 1336 3306 praeest,
1369 3241 1419 3288 id
1442 3253 1618 3288 tantum
1641 3242 1698 3288 ad
1717 3242 1859 3290 artifi-

204 3313 331 3379 eium
353 3312 461 3380 equi
485 3313 618 3381 ligno
637 3313 747 3363 faeti
767 3314 1043 3379 pertinerere
1062 3315 1222 3380 potest.
1290 3316 1370 3362 An
1387 3331 1546 3378 equus,
1580 3315 1707 3365 navis
1727 3315 1852 3376 sym-

155 3386 182 3411 ’·’
201 3375 363 3440 bolum
396 3391 520 3454 (uam
553 3387 891 3456 navigationem
924 3386 1200 3455 antiquiores
1233 3405 1322 3456 per
1343 3388 1675 3454 equitationem
1698 3389 1858 3436 adum·

1634 3464 1823 3515 brabant
1840 3484 1858 3526 3
1955 3534 1961 3546 x
