2294 4030
1108 109 1181 183 ’ἡ

618 269 782 352 An
849 281 1490 358 LIBRUMNL
1602 297 1604 299 ’
1761 284 1882 380 εις,

226 447 364 503 nullae
377 446 486 501 aliie
506 451 607 503 sunt
617 462 764 516 quam
776 461 982 500 vcorneae.
1040 449 1275 499 Ausonius
1292 450 1524 517 incupid.
1536 453 1702 503 crucif.
1716 455 1874 512 subn,

225 525 368 585 loco'
349 541 448 589 «μω
468 523 673 581 laudato,
703 535 754 572 et
771 522 827 571 in
846 522 1090 587 Ephemer.
1110 522 1197 570 ›sub
1221 523 1255 572 f.
1279 524 1551 589 vulgatam
1537 529 1874 593 mterpnetatio-
1898 555 1902 558 ·

228 612 333 647 nem
354 598 577 664 sequutus
581 597 728 648 videri
751 598 909 662 potest.
972 595 1080 644 Nec
1105 595 1274 645 Statius
1287 596 1538 662 quicquam
1563 600 1696 662 juvat
1713 602 1798 652 lib.
1823 599 1873 648 V

231 670 349 722 silv
375 689 424 736 3,
445 678 560 736 289,
593 671 692 728 ubi,
727 683 778 722 ut
800 671 982 722 Umbra
1016 669 1155 735 patris
1175 686 1234 717 ex
1254 670 1417 723 inferis
1437 670 1605 729 redeat.
1636 687 1875 738 precatur·

229 743 339 793 Inde
374 758 514 797 tamen
532 748 708 802 «venias,
741 743 884 792 melior
910 763 996 810 qua
1021 756 1148 806 porta
1169 742 1400 813 malignum
1422 746 1562 792 Vincit
1581 747 1697 802 ebur,
1713 752 1875 809 somni·-

227 837 308 883 que
328 824 372 866 in
392 824 574 885 imagine
598 821 812 888 monstra,
825 819 942 881 Quae
962 817 1146 882 solitus.-
1194 817 1263 863 At
1292 817 1388 882 ipse
1411 818 1638 871 Homerus
1657 823 1748 870 alio
1768 824 1875 872 loco

231 890 370 939 etiam
393 881 644 958 obscutffle
681 907 774 939 rem
795 890 940 939 videri
962 892 1120 956 potest,
1154 889 1234 937 ubi
1253 890 1419 954 Odyss'.
1447 893 1488 949 δ,
1524 899 1616 958 809
1656 895 1881 961 Penelope

227 964 406 1012 darmire
419 975 623 1013 narratur
643 964 692 1011 in
711 966 960 1017 Somniorum
974 972 1103 1028 portis
1117 981 1134 1010 :
1158 964 1229 1014 ἥδε)
1249 968 1376 1024 μάλα
1391 969 1593 1016 mdaeww’
1615 972 1650 1016 ἐν
1667 973 1873 1035 ὀνειςείῃσι

230 1040 408 1105 πύλῃσι.
447 1038 581 1088 Forte
602 1041 668 1088 ita
687 1039 774 1087 hoc
798 1039 1039 1104 expedias:
1067 1052 1193 1102 porta
1208 1041 1460 1089 Somniorum
1477 1041 1597 1090 dista
1617 1060 1700 1108 pro
1716 1045 1875 1101 domo,

231 1115 354 1172 sede,
389 1115 707 1171 Somniorum3
741 1120 787 1162 in
809 1135 892 1180 qua
911 1114 1010 1178 quis
1031 1117 1200 1178 versari
1234 1114 1332 1162 dici
1365 1118 1522 1179 potest,
1556 1119 1635 1181 qui
1664 1119 1875 1168 somniat.

236 1189 452 1238 Dor-mire
494 1190 640 1253 igitur
679 1190 762 1237 illa
795 1189 846 1236 in
885 1188 1038 1236 medio
1060 1188 1352 1236 Somniorum
1387 1193 1529 1239 domo
1549 1193 1689 1251 dicta,
1722 1207 1773 1242 ut
1795 1212 1878 1243 nos

231 1266 430 1331 aliquem
451 1266 501 1312 in
523 1266 684 1314 Somni
709 1265 880 1329 regiam
897 1265 1133 1329 abreptum
1159 1265 1432 1314 diceremus.

305 1339 473 1388 Nolim
492 1339 706 1403 equidem
730 1344 879 1403 po'etae
916 1339 1108 1386 cauffam
1144 1339 1477 1387 defendendam
1501 1341 1752 1406 suscipere3
1787 1344 1877 1394 hoc

235 1423 386 1462 tamen
402 1414 520 1463 mihi
542 1414 601 1460 fic
623 1413 724 1462 satis
741 1412 994 1476 intelligere
1015 1413 1192 1469 videor,
1227 1430 1415 1461 acumen
1447 1414 1583 1472 illud,
1618 1420 1742 1480 quod
1767 1418 1879 1466 Vir.

238 1488 362 1552 gilio
385 1488 522 1536 nimis
543 1487 791 1534 liberaliter
812 1487 870 1535 de
891 1487 970 1534 suo
991 1487 1198 1534 tribuunt
1220 1487 1309 1538 uiri
1339 1488 1485 1544 docti,
1520 1502 1569 1536 ut
1591 1491 1758 1538 callide
1783 1511 1880 1542 mo·-

238 1579 343 1612 nere
359 1562 572 1619 voluerit,
606 1562 686 1609 ista
709 1562 863 1609 omnia
886 1561 943 1608 de
966 1560 1123 1608 inferis
1145 1575 1321 1609 narrata
1342 1579 1424 1626 pro
1449 1562 1633 1611 somniis
1650 1578 1695 1612 et
1714 1566 1882 1613 fabulis

238 1638 285 1687 se
305 1639 489 1694 habere,
523 1638 579 1684 ab
600 1654 654 1685 eo
676 1639 735 1685 est
758 1637 1087 1685 alieniffimum.
1154 1638 1256 1686 Nec
1289 1637 1337 1684 in
1361 1637 1505 1685 verbis
1529 1640 1774 1703 quicquam
1799 1644 1878 1697 est,

238 1715 364 1777 quod
388 1729 443 1760 eo
478 1728 558 1759 nos
580 1712 755 1775 adigat,
802 1727 885 1758 nec
929 1711 978 1757 in
1013 1711 1246 1758 sententiis
1283 1728 1365 1758 nec
1403 1711 1451 1758 in
1487 1719 1633 1776 poetae
1675 1715 1884 1764 consilio·

244 1788 336 1835 Sed
360 1786 453 1850 ipsa
476 1801 546 1832 res
571 1785 765 1831 deduxit
786 1801 887 1831 eum
911 1783 960 1830 in
994 1785 1130 1831 talem
1151 1787 1321 1841 locum,
1356 1787 1475 1833 unde
1514 1788 1674 1848 pedem
1717 1790 1883 1838 referre

241 1877 335 1909 non
355 1873 449 1908 tam
474 1858 608 1906 facile
629 1869 742 1907 erat.
810 1859 1083 1905 Educendus
1111 1870 1205 1905 erat
1233 1858 1398 1905 AEneas
1420 1875 1476 1905 ex
1498 1860 1610 1906 locis
1632 1861 1786 1909 inferis
1805 1878 1880 1927 per

241 1935 382 1984 aliam
424 1945 622 1998 portam,
669 1948 804 1996 quam
827 1949 917 1996 qua
955 1931 1167 1979 subierat.
1255 1932 1427 1979 Incidit
1467 1940 1603 1996 po'eta
1647 1935 1693 1981 in
1738 1952 1886 1999 portas

242 2009 424 2058 Somni.
491 2008 596 2071 Jam
633 2021 696 2053 eae
739 2006 943 2070 duplices
982 2007 1101 2063 sunt,
1135 2007 1292 2061 altera,
1325 2022 1404 2070 per
1441 2024 1574 2071 quam
1595 2018 1713 2057 veris
1733 2012 1888 2059 umbris

241 2087 389 2135 exitus
409 2085 575 2133 datur·
563 2105 576 2143 3
625 2100 704 2148 per
723 2084 840 2130 hanc
860 2069 1022 2132 AEneas
1042 2096 1087 2131 et
1110 2083 1302 2146 Sibylla,
1336 2100 1436 2146 quae
1470 2101 1562 2132 non
1603 2101 1731 2134 erant
1770 2109 1891 2136 των-ω

242 2163 424 2218 ambr-,ce
457 2159 610 2209 emitti
630 2159 905 2224 nequibant3
942 2159 1166 2206 restabat
1154 2171 1329 2223 itaque,
1363 2170 1413 2205 ut
1449 2176 1530 2223 per
1565 2162 1750 2209 alteram
1786 2179 1891 2225 por

243 2249 338 2285 tam
361 2235 743 2285 dimitterentur.·
782 2234 937 2298 Atque
958 2234 1047 2280 hoc
1068 2239 1205 2297 po'eta
1233 2233 1383 2298 posuit
1415 2247 1493 2281 aut
1514 2251 1672 2298 parum
1695 2254 1888 2296 memor,

244 2311 359 2375 quid
381 2311 486 2359 inde
508 2310 782 2374 sequeretur,
815 2309 847 2354 fi
884 2308 1043 2356 eadem
1075 2309 1148 2355 illi
1170 2320 1303 2372 porta
1332 2325 1437 2356 cum
1461 2308 1659 2358 somniis
1698 2314 1822 2358 vanis
1844 2327 1890 2360 et

246 2389 362 2437 falfis
383 2389 699 2441 educerentur,
732 2399 810 2433 aut
830 2384 922 2439 fuit
941 2385 1030 2433 hoc
1053 2384 1170 2432 inter
1185 2401 1257 2441 ea,
1289 2402 1389 2450 quae
1417 2386 1554 2433 Maro
1577 2388 1890 2437 emendaturus

246 2475 362 2521 erat,
396 2464 427 2510 fi
450 2461 643 2510 licuisset
660 2467 708 2509 ⁸¹¹.

314 2541 428 2587 Non
450 2538 634 2603 quidem
657 2534 817 2599 aliquis
836 2534 888 2582 in
909 2546 1143 2585 numerato
1165 2534 1328 2603 habere
1348 2537 1491 2599 potest
1506 2551 1575 2591 ea,
1610 2554 1709 2601 quae
1730 2538 1891 2588 Maro.

249 2614 338 2671 nis,
371 2614 480 2661 dum
501 2612 596 2659 haec
619 2609 850 2666 scriberet,
883 2609 1037 2656 animo
1058 2608 1159 2656 sunt
1179 2609 1414 2657 obversata
1428 2629 1442 2666 3
1489 2610 1575 2656 hoc
1599 2622 1744 2658 tamen
1770 2612 1890 2660 sum-

251 2690 336 2738 mis
359 2703 682 2750 nonnunquam
703 2683 898 2748 ingeniis
918 2684 1099 2732 evenire
1123 2683 1250 2741 solet,
1284 2698 1351 2739 ut,
1385 2700 1487 2732 cum
1511 2685 1643 2732 semel
1660 2687 1701 2732 se
1723 2688 1893 2750 laqueis

250 2763 385 2812 certis
427 2760 679 2816 induerint,
711 2771 757 2805 et
799 2757 1043 2823 caliginem
1079 2757 1164 2804 fibi
1198 2758 1374 2805 offundi
1397 2760 1501 2822 paffi
1524 2759 1626 2816 fint,
1659 2761 1722 2808 ita
1746 2779 1889 2809 caecu-

253 2838 371 2887 tiant
394 2836 644 2898 (interdum
666 2837 767 2881 ὅλαις
787 2833 1033 2881 κολὶκύντας
1055 2838 1194 2897 λημᾷν
1232 2832 1401 2879 dixeris
1437 2850 1540 2882 cum
1571 2834 1807 2897 Comico),
1844 2850 1893 2884 ut

251 2913 391 2962 etiam
412 2910 482 2965 id,
514 2909 638 2974 quod
660 2908 763 2955 aliis
786 2908 933 2955 minus
953 2906 1096 2954 acutis
1136 2920 1213 2954 aut
1236 2906 1476 2970 ingeniolis
1497 2907 1544 2953 in
1566 2911 1719 2956 oculos
1743 2910 1893 2960 incur.

256 2998 346 3043 rat,
377 2984 733 3032 animadvertere
755 2994 998 3045 nequeant.
1062 2980 1245 3046 Qidni
1265 2981 1387 3027 enim
1410 2987 1549 3045 poeta
1572 2982 1758 3030 AEneam
1780 2986 1889 3033 edu-

255 3062 386 3110 cebat
407 3060 564 3107 eadem
583 3071 731 3122 porta,
762 3073 851 3120 qua
884 3074 1004 3121 purae
1024 3056 1186 3103 animae
1208 3056 1254 3102 in
1279 3071 1469 3120 corpora
1490 3073 1604 3103 nova
1627 3058 1725 3105 sunt
1746 3060 1896 3110 exitu-

257 3137 350 3189 rae?
416 3131 562 3196 Atqui
586 3130 713 3178 Plato
735 3147 788 3178 ea
825 3130 876 3178 in
914 3147 960 3178 re
982 3130 1206 3194 figmentis
1244 3129 1333 3175 suis
1354 3130 1508 3192 praeire
1540 3143 1687 3194 potere¹
1680 3145 1728 3181 t.
1794 3136 1893 3183 Aut

257 3209 292 3259 fi
311 3210 421 3258 duas
442 3217 592 3273 portas
615 3204 975 3253 commemorasse
996 3220 1168 3268 opusc
1144 3215 1256 3261 e‚rat
1288 3204 1450 3267 quidni
1485 3205 1587 3252 illas
1620 3206 1800 3269 piorum
1822 3210 1893 3257 vel

1649 3280 1895 3344 impiorum

314 3432 346 3464 ⁴*-
366 3431 462 3472 'Hoe
474 3398 543 3471 aut
562 3429 687 3471 fimile
708 3429 806 3483 quid
822 3428 1078 3469 obversatum
1105 3426 1181 3467 effe
1221 3426 1340 3467 video
1360 3427 1495 3467 animo
1514 3428 1789 3481 elegantiffimi
1810 3430 1896 3469 Bri.

261 3496 391 3546 tanai,
417 3496 487 3551 qui
503 3508 630 3548 nuper
651 3493 913 3537 Warburtoni
931 3492 1169 3547 seutentiam
1189 3489 1347 3534 exeuffit
1371 3493 1546 3534 scrinea!
1556 3494 1653 3548 vObff.
1672 3510 1710 3534 ou
1723 3494 1778 3534 the
1792 3494 1896 3535 Sixth

263 3562 360 3604 Book
376 3563 423 3615 eff
430 3561 488 3600 the
505 3561 652 3608 AEneffl,
663 3571 706 3613 p.
726 3558 811 3613 55.)
