<?xml version="1.0" encoding="UTF-8"?>
<!DOCTYPE html PUBLIC "-//W3C//DTD XHTML 1.0 Transitional//EN"
    "http://www.w3.org/TR/xhtml1/DTD/xhtml1-transitional.dtd">
<html xmlns="http://www.w3.org/1999/xhtml" xml:lang="en" lang="en">
 <head>
  <title>
</title>
<meta http-equiv="Content-Type" content="text/html;charset=utf-8" />
  <meta name='ocr-system' content='tesseract 3.04.00' />
  <meta name='ocr-capabilities' content='ocr_page ocr_carea ocr_par ocr_line ocrx_word'/>
</head>
<body>
  <div class='ocr_page' id='page_1' title='image "./operavarietatele02virguoft/operavarietatele02virguoft_0146.png"; bbox 0 0 2372 4030; ppageno 0'>
   <div class='ocr_carea' id='block_1_1' title="bbox 467 332 1929 436">
    <p class='ocr_par' dir='ltr' id='par_1_1' title="bbox 467 332 1929 436">
     <span class='ocr_line' id='line_1_1' title="bbox 467 332 1929 436; baseline -0.008 -17"><span class='ocrx_word' id='word_1_1' title='bbox 467 332 608 436; x_wconf 47' lang='grc' dir='ltr'><strong>’,ρο</strong></span> <span class='ocrx_word' id='word_1_2' title='bbox 740 347 812 412; x_wconf 64' lang='grc' dir='ltr'><strong>Ρ,</strong></span> <span class='ocrx_word' id='word_1_3' title='bbox 874 338 1381 411; x_wconf 73' lang='lat' dir='ltr'>v1RG1L11·</span> <span class='ocrx_word' id='word_1_4' title='bbox 1434 337 1929 408; x_wconf 78' lang='lat' dir='ltr'><strong>MAR0N1s</strong></span> 
     </span>
    </p>
   </div>
   <div class='ocr_carea' id='block_1_2' title="bbox 521 511 2022 601">
    <p class='ocr_par' dir='ltr' id='par_1_2' title="bbox 521 511 2022 601">
     <span class='ocr_line' id='line_1_2' title="bbox 521 511 2022 601; baseline -0.006 -17"><span class='ocrx_word' id='word_1_5' title='bbox 521 514 784 584; x_wconf 82' lang='lat' dir='ltr'><strong>Confilia</strong></span> <span class='ocrx_word' id='word_1_6' title='bbox 808 513 873 580; x_wconf 79' lang='lat' dir='ltr'><strong>in</strong></span> <span class='ocrx_word' id='word_1_7' title='bbox 893 520 1104 581; x_wconf 87' lang='lat' dir='ltr'><strong>melius</strong></span> <span class='ocrx_word' id='word_1_8' title='bbox 1123 511 1367 591; x_wconf 83' lang='lat' dir='ltr'><strong>referet,</strong></span> <span class='ocrx_word' id='word_1_9' title='bbox 1394 528 1760 601; x_wconf 64' lang='lat' dir='ltr'><strong>mecumque</strong></span> <span class='ocrx_word' id='word_1_10' title='bbox 1788 514 2022 576; x_wconf 79' lang='lat' dir='ltr'><strong>fovebit</strong></span> 
     </span>
    </p>
   </div>
   <div class='ocr_carea' id='block_1_3' title="bbox 515 623 2174 1060">
    <p class='ocr_par' dir='ltr' id='par_1_3' title="bbox 515 623 2174 1060">
     <span class='ocr_line' id='line_1_3' title="bbox 516 623 2140 713; baseline -0.004 -14"><span class='ocrx_word' id='word_1_11' title='bbox 516 637 840 710; x_wconf 46' lang='lat' dir='ltr'><strong>Romano&amp;</strong></span> <span class='ocrx_word' id='word_1_12' title='bbox 867 656 1068 697; x_wconf 88' lang='lat' dir='ltr'><strong>rerum</strong></span> <span class='ocrx_word' id='word_1_13' title='bbox 1090 623 1387 707; x_wconf 75' lang='lat' dir='ltr'><strong>dominos,</strong></span> <span class='ocrx_word' id='word_1_14' title='bbox 1413 642 1779 713; x_wconf 73' lang='lat' dir='ltr'><strong>gentemque</strong></span> <span class='ocrx_word' id='word_1_15' title='bbox 1807 640 2110 712; x_wconf 59' lang='lat' dir='ltr'><strong>togatam-⁴</strong></span> <span class='ocrx_word' id='word_1_16' title='bbox 2138 666 2140 668; x_wconf 90' lang='lat'>·</span> 
     </span>
     <span class='ocr_line' id='line_1_4' title="bbox 515 745 2049 833; baseline -0.007 -19"><span class='ocrx_word' id='word_1_17' title='bbox 515 753 615 814; x_wconf 89' lang='lat' dir='ltr'><strong>Sic</strong></span> <span class='ocrx_word' id='word_1_18' title='bbox 643 754 960 833; x_wconf 86' lang='lat' dir='ltr'><strong>placitum.</strong></span> <span class='ocrx_word' id='word_1_19' title='bbox 1046 749 1260 811; x_wconf 87' lang='lat' dir='ltr'>Veniet</span> <span class='ocrx_word' id='word_1_20' title='bbox 1286 747 1481 807; x_wconf 84' lang='lat' dir='ltr'><strong>lustris</strong></span> <span class='ocrx_word' id='word_1_21' title='bbox 1509 745 1853 806; x_wconf 84' lang='lat' dir='ltr'><strong>labentibus</strong></span> <span class='ocrx_word' id='word_1_22' title='bbox 1882 759 2049 817; x_wconf 77' lang='lat' dir='ltr'><strong>aetaS,</strong></span> 
     </span>
     <span class='ocr_line' id='line_1_5' title="bbox 519 855 2174 949; baseline -0.004 -22"><span class='ocrx_word' id='word_1_23' title='bbox 519 867 732 949; x_wconf 82' lang='lat' dir='ltr'><strong>Qum</strong></span> <span class='ocrx_word' id='word_1_24' title='bbox 749 867 966 926; x_wconf 87' lang='lat' dir='ltr'>domus</span> <span class='ocrx_word' id='word_1_25' title='bbox 981 863 1242 924; x_wconf 85' lang='lat' dir='ltr'><strong>Affaraci</strong></span> <span class='ocrx_word' id='word_1_26' title='bbox 1265 859 1549 921; x_wconf 87' lang='lat' dir='ltr'>Phthiam</span> <span class='ocrx_word' id='word_1_27' title='bbox 1569 855 1870 940; x_wconf 85' lang='lat' dir='ltr'><strong>clarasque</strong></span> <span class='ocrx_word' id='word_1_28' title='bbox 1882 859 2174 938; x_wconf 80' lang='lat' dir='ltr'><strong>Mycenas</strong></span> 
     </span>
     <span class='ocr_line' id='line_1_6' title="bbox 520 974 2169 1060; baseline -0.003 -20"><span class='ocrx_word' id='word_1_29' title='bbox 520 980 780 1040; x_wconf 87' lang='lat' dir='ltr'><strong>Servitio</strong></span> <span class='ocrx_word' id='word_1_30' title='bbox 804 991 1058 1060; x_wconf 85' lang='lat' dir='ltr'>premet,</span> <span class='ocrx_word' id='word_1_31' title='bbox 1083 995 1151 1036; x_wconf 87' lang='lat' dir='ltr'><strong>ac</strong></span> <span class='ocrx_word' id='word_1_32' title='bbox 1181 974 1356 1034; x_wconf 68' lang='lat' dir='ltr'><strong>victis</strong></span> <span class='ocrx_word' id='word_1_33' title='bbox 1381 975 1794 1038; x_wconf 84' lang='lat' dir='ltr'>dominabitur</span> <span class='ocrx_word' id='word_1_34' title='bbox 1819 977 2025 1059; x_wconf 80' lang='lat' dir='ltr'><strong>Argis,</strong></span> <span class='ocrx_word' id='word_1_35' title='bbox 2055 979 2169 1057; x_wconf 82' lang='lat'><strong>285</strong></span> 
     </span>
    </p>
   </div>
   <div class='ocr_carea' id='block_1_4' title="bbox 520 1159 2181 1471">
    <p class='ocr_par' dir='ltr' id='par_1_4' title="bbox 520 1159 2181 1471">
     <span class='ocr_line' id='line_1_7' title="bbox 576 1159 2176 1219; baseline -0.003 -15"><span class='ocrx_word' id='word_1_36' title='bbox 576 1161 674 1205; x_wconf 81' lang='lat'><strong>281.</strong></span> <span class='ocrx_word' id='word_1_37' title='bbox 699 1178 888 1216; x_wconf 81' lang='lat' dir='ltr'><strong>mecumque</strong></span> <span class='ocrx_word' id='word_1_38' title='bbox 893 1163 1041 1219; x_wconf 83' lang='lat' dir='ltr'><strong>juvabit</strong></span> <span class='ocrx_word' id='word_1_39' title='bbox 1059 1163 1134 1202; x_wconf 82' lang='lat' dir='ltr'><strong>see.</strong></span> <span class='ocrx_word' id='word_1_40' title='bbox 1153 1162 1310 1202; x_wconf 75' lang='lat' dir='ltr'><strong>Mox-et.</strong></span> <span class='ocrx_word' id='word_1_41' title='bbox 1339 1160 1527 1202; x_wconf 83' lang='lat' dir='ltr'><strong>sollennis</strong></span> <span class='ocrx_word' id='word_1_42' title='bbox 1544 1160 1734 1202; x_wconf 79' lang='lat' dir='ltr'><strong>varietas.</strong></span> <span class='ocrx_word' id='word_1_43' title='bbox 1752 1161 1804 1200; x_wconf 89' lang='lat' dir='ltr'><strong>cf.</strong></span> <span class='ocrx_word' id='word_1_44' title='bbox 1828 1159 2176 1203; x_wconf 61' lang='lat' dir='ltr'><strong>Bursa—282.</strong></span> 
     </span>
     <span class='ocr_line' id='line_1_8' title="bbox 520 1223 2181 1282; baseline -0.002 -15"><span class='ocrx_word' id='word_1_45' title='bbox 520 1228 724 1282; x_wconf 80' lang='lat' dir='ltr'><em>Progeniem</em></span> <span class='ocrx_word' id='word_1_46' title='bbox 741 1243 856 1267; x_wconf 85' lang='lat' dir='ltr'><strong>rerum</strong></span> <span class='ocrx_word' id='word_1_47' title='bbox 870 1230 1014 1266; x_wconf 82' lang='lat' dir='ltr'><strong>dominos</strong></span> <span class='ocrx_word' id='word_1_48' title='bbox 1034 1227 1169 1280; x_wconf 86' lang='lat' dir='ltr'><strong>Bigot.</strong></span> <span class='ocrx_word' id='word_1_49' title='bbox 1225 1225 1303 1266; x_wconf 88' lang='lat' dir='ltr'><strong>Sed</strong></span> <span class='ocrx_word' id='word_1_50' title='bbox 1321 1227 1492 1264; x_wconf 81' lang='lat' dir='ltr'><strong>Romanos</strong></span> <span class='ocrx_word' id='word_1_51' title='bbox 1527 1223 1664 1264; x_wconf 79' lang='lat' dir='ltr'><strong>firmat</strong></span> <span class='ocrx_word' id='word_1_52' title='bbox 1688 1226 1853 1264; x_wconf 87' lang='lat' dir='ltr'><strong>Sueton.</strong></span> <span class='ocrx_word' id='word_1_53' title='bbox 1881 1227 1995 1279; x_wconf 76' lang='lat' dir='ltr'><strong>Aug.</strong></span> <span class='ocrx_word' id='word_1_54' title='bbox 2031 1237 2088 1273; x_wconf 84' lang='grc'><strong>40</strong></span> <span class='ocrx_word' id='word_1_55' title='bbox 2123 1233 2181 1274; x_wconf 79' lang='lat' dir='ltr'><strong>et,</strong></span> 
     </span>
     <span class='ocr_line' id='line_1_9' title="bbox 522 1287 2181 1344; baseline -0.002 -14"><span class='ocrx_word' id='word_1_56' title='bbox 522 1291 595 1344; x_wconf 88' lang='lat' dir='ltr'><strong>qui</strong></span> <span class='ocrx_word' id='word_1_57' title='bbox 614 1299 654 1330; x_wconf 91' lang='lat' dir='ltr'><strong>et</strong></span> <span class='ocrx_word' id='word_1_58' title='bbox 674 1290 755 1344; x_wconf 86' lang='lat' dir='ltr'><strong>ipse</strong></span> <span class='ocrx_word' id='word_1_59' title='bbox 775 1290 936 1330; x_wconf 87' lang='lat' dir='ltr'>versum</span> <span class='ocrx_word' id='word_1_60' title='bbox 959 1290 1108 1344; x_wconf 87' lang='lat' dir='ltr'><strong>repetit</strong></span> <span class='ocrx_word' id='word_1_61' title='bbox 1135 1299 1175 1329; x_wconf 91' lang='lat' dir='ltr'><strong>et</strong></span> <span class='ocrx_word' id='word_1_62' title='bbox 1210 1289 1261 1329; x_wconf 84' lang='lat' dir='ltr'><strong>ad</strong></span> <span class='ocrx_word' id='word_1_63' title='bbox 1293 1288 1525 1328; x_wconf 84' lang='lat' dir='ltr'><strong>Domitiani</strong></span> <span class='ocrx_word' id='word_1_64' title='bbox 1555 1287 1692 1329; x_wconf 80' lang='lat' dir='ltr'><strong>laudes</strong></span> <span class='ocrx_word' id='word_1_65' title='bbox 1731 1289 1939 1338; x_wconf 84' lang='lat' dir='ltr'><strong>transfert,-</strong></span> <span class='ocrx_word' id='word_1_66' title='bbox 1968 1289 2040 1330; x_wconf 87' lang='lat' dir='ltr'><strong>lib.</strong></span> <span class='ocrx_word' id='word_1_67' title='bbox 2058 1289 2181 1338; x_wconf 79' lang='lat' dir='ltr'>XIV,</span> 
     </span>
     <span class='ocr_line' id='line_1_10' title="bbox 524 1349 2181 1408; baseline -0.001 -14"><span class='ocrx_word' id='word_1_68' title='bbox 524 1365 623 1404; x_wconf 73' lang='lat'>124,</span> <span class='ocrx_word' id='word_1_69' title='bbox 651 1354 871 1394; x_wconf 81' lang='lat' dir='ltr'><strong>Martialis.</strong></span> <span class='ocrx_word' id='word_1_70' title='bbox 931 1370 934 1372; x_wconf 96' lang='lat'>·</span> <span class='ocrx_word' id='word_1_71' title='bbox 955 1370 959 1374; x_wconf 75' lang='lat'><em>-</em></span> <span class='ocrx_word' id='word_1_72' title='bbox 983 1354 1075 1404; x_wconf 83' lang='lat'><strong>283.</strong></span> <span class='ocrx_word' id='word_1_73' title='bbox 1098 1356 1269 1407; x_wconf 82' lang='lat' dir='ltr'><strong>placitum</strong></span> <span class='ocrx_word' id='word_1_74' title='bbox 1286 1354 1330 1408; x_wconf 68' lang='lat' dir='ltr'><strong>qst</strong></span> <span class='ocrx_word' id='word_1_75' title='bbox 1350 1349 1536 1393; x_wconf 86' lang='lat' dir='ltr'><strong>Leidens.</strong></span> <span class='ocrx_word' id='word_1_76' title='bbox 1559 1352 1665 1393; x_wconf 89' lang='lat' dir='ltr'><strong>male</strong></span> <span class='ocrx_word' id='word_1_77' title='bbox 1690 1366 1783 1393; x_wconf 90' lang='lat' dir='ltr'><strong>cum</strong></span> <span class='ocrx_word' id='word_1_78' title='bbox 1814 1353 1903 1393; x_wconf 85' lang='lat' dir='ltr'><strong>aliis</strong></span> <span class='ocrx_word' id='word_1_79' title='bbox 1927 1367 1991 1407; x_wconf 86' lang='lat' dir='ltr'><strong>ap.</strong></span> <span class='ocrx_word' id='word_1_80' title='bbox 2011 1352 2119 1393; x_wconf 88' lang='lat' dir='ltr'><strong>Pier.</strong></span> <span class='ocrx_word' id='word_1_81' title='bbox 2137 1364 2181 1395; x_wconf 78' lang='lat' dir='ltr'><strong>v.</strong></span> 
     </span>
     <span class='ocr_line' id='line_1_11' title="bbox 524 1416 2179 1471; baseline -0.001 -13"><span class='ocrx_word' id='word_1_82' title='bbox 524 1419 667 1459; x_wconf 88' lang='lat' dir='ltr'><strong>Burm.</strong></span> <span class='ocrx_word' id='word_1_83' title='bbox 690 1418 742 1457; x_wconf 89' lang='lat' dir='ltr'><strong>ad</strong></span> <span class='ocrx_word' id='word_1_84' title='bbox 770 1419 922 1457; x_wconf 88' lang='lat' dir='ltr'><strong>Lucan.</strong></span> <span class='ocrx_word' id='word_1_85' title='bbox 942 1420 995 1467; x_wconf 87' lang='lat'><strong>11,</strong></span> <span class='ocrx_word' id='word_1_86' title='bbox 1020 1430 1062 1468; x_wconf 82' lang='lat'><strong>5,</strong></span> <span class='ocrx_word' id='word_1_87' title='bbox 1089 1426 1144 1457; x_wconf 91' lang='lat' dir='ltr'><strong>et.</strong></span> <span class='ocrx_word' id='word_1_88' title='bbox 1179 1417 1253 1457; x_wconf 89' lang='lat' dir='ltr'><strong>inf.</strong></span> <span class='ocrx_word' id='word_1_89' title='bbox 1282 1417 1334 1457; x_wconf 84' lang='lat' dir='ltr'><strong>ad</strong></span> <span class='ocrx_word' id='word_1_90' title='bbox 1351 1418 1450 1456; x_wconf 91' lang='lat' dir='ltr'><strong>AEn.</strong></span> <span class='ocrx_word' id='word_1_91' title='bbox 1470 1419 1522 1465; x_wconf 93' lang='lat' dir='ltr'><strong>II,</strong></span> <span class='ocrx_word' id='word_1_92' title='bbox 1540 1416 1844 1465; x_wconf 63' lang='lat'><strong>428.-——284</strong></span> <span class='ocrx_word' id='word_1_93' title='bbox 1875 1419 2059 1471; x_wconf 79' lang='lat' dir='ltr'><em>Pythiam,</em></span> <span class='ocrx_word' id='word_1_94' title='bbox 2077 1418 2179 1470; x_wconf 58' lang='lat' dir='ltr'><strong>If&#39;hy-v</strong></span> 
     </span>
    </p>
   </div>
   <div class='ocr_carea' id='block_1_5' title="bbox 871 1376 978 1385">
    <p class='ocr_par' dir='ltr' id='par_1_5' title="bbox 871 1376 978 1385">
     <span class='ocr_line' id='line_1_12' title="bbox 871 1376 978 1385; baseline 0 0"><span class='ocrx_word' id='word_1_95' title='bbox 871 1376 978 1385; x_wconf 95' lang='lat' dir='ltr'><strong> </strong></span> 
     </span>
    </p>
   </div>
   <div class='ocr_carea' id='block_1_6' title="bbox 523 1481 997 1523">
    <p class='ocr_par' dir='ltr' id='par_1_6' title="bbox 523 1481 997 1523">
     <span class='ocr_line' id='line_1_13' title="bbox 523 1481 997 1523; baseline -0.004 0"><span class='ocrx_word' id='word_1_96' title='bbox 523 1485 635 1523; x_wconf 61' lang='lat' dir='ltr'><strong>thiam</strong></span> <span class='ocrx_word' id='word_1_97' title='bbox 666 1481 772 1521; x_wconf 83' lang='lat' dir='ltr'><strong>male</strong></span> <span class='ocrx_word' id='word_1_98' title='bbox 802 1481 997 1522; x_wconf 85' lang='lat' dir='ltr'>scribitur.</span> 
     </span>
    </p>
   </div>
   <div class='ocr_carea' id='block_1_7' title="bbox 1000 1502 1106 1512">
    <p class='ocr_par' dir='ltr' id='par_1_7' title="bbox 1000 1502 1106 1512">
     <span class='ocr_line' id='line_1_14' title="bbox 1000 1502 1106 1512; baseline 0 2518"><span class='ocrx_word' id='word_1_99' title='bbox 1000 1502 1106 1512; x_wconf 95' lang='lat' dir='ltr'><strong> </strong></span> 
     </span>
    </p>
   </div>
   <div class='ocr_carea' id='block_1_8' title="bbox 1110 1480 2180 1536">
    <p class='ocr_par' dir='ltr' id='par_1_8' title="bbox 1110 1480 2180 1536">
     <span class='ocr_line' id='line_1_15' title="bbox 1110 1480 2180 1536; baseline 0.001 -14"><span class='ocrx_word' id='word_1_100' title='bbox 1110 1481 1160 1522; x_wconf 80' lang='lat'><strong>28</strong></span> <span class='ocrx_word' id='word_1_101' title='bbox 1162 1493 1203 1532; x_wconf 85' lang='lat'><strong>5.</strong></span> <span class='ocrx_word' id='word_1_102' title='bbox 1230 1483 1382 1535; x_wconf 83' lang='lat' dir='ltr'><strong>Imperio</strong></span> <span class='ocrx_word' id='word_1_103' title='bbox 1403 1480 1587 1522; x_wconf 73' lang='lat' dir='ltr'><strong>Parthas.</strong></span> <span class='ocrx_word' id='word_1_104' title='bbox 1610 1495 1658 1522; x_wconf 84' lang='lat' dir='ltr'><strong>ex</strong></span> <span class='ocrx_word' id='word_1_105' title='bbox 1684 1481 2031 1536; x_wconf 79' lang='lat' dir='ltr'><strong>interpretatione.</strong></span> <span class='ocrx_word' id='word_1_106' title='bbox 2086 1489 2120 1520; x_wconf 81' lang='lat' dir='ltr'><strong>et</strong></span> <span class='ocrx_word' id='word_1_107' title='bbox 2133 1496 2180 1523; x_wconf 68' lang='lat' dir='ltr'><strong>vs</strong></span> 
     </span>
    </p>
   </div>
   <div class='ocr_carea' id='block_1_9' title="bbox 523 1544 1632 1601">
    <p class='ocr_par' dir='ltr' id='par_1_9' title="bbox 523 1544 1632 1601">
     <span class='ocr_line' id='line_1_16' title="bbox 523 1544 1632 1601; baseline -0.004 -11"><span class='ocrx_word' id='word_1_108' title='bbox 523 1547 623 1590; x_wconf 75' lang='lat' dir='ltr'><strong>dun.</strong></span> <span class='ocrx_word' id='word_1_109' title='bbox 676 1550 803 1586; x_wconf 64' lang='lat' dir='ltr'><strong>cunais</strong></span> <span class='ocrx_word' id='word_1_110' title='bbox 823 1546 977 1586; x_wconf 83' lang='lat' dir='ltr'><strong>Hamb.</strong></span> <span class='ocrx_word' id='word_1_111' title='bbox 997 1559 1062 1601; x_wconf 79' lang='lat' dir='ltr'><strong>pr.</strong></span> <span class='ocrx_word' id='word_1_112' title='bbox 1084 1559 1178 1586; x_wconf 90' lang='lat' dir='ltr'><strong>cum</strong></span> <span class='ocrx_word' id='word_1_113' title='bbox 1196 1544 1404 1586; x_wconf 87' lang='lat' dir='ltr'>nonnullis</span> <span class='ocrx_word' id='word_1_114' title='bbox 1420 1546 1632 1586; x_wconf 86' lang='lat' dir='ltr'><strong>Pierianis.</strong></span> 
     </span>
    </p>
   </div>
   <div class='ocr_carea' id='block_1_10' title="bbox 522 1719 1324 3521">
    <p class='ocr_par' dir='ltr' id='par_1_10' title="bbox 522 1719 1324 3521">
     <span class='ocr_line' id='line_1_17' title="bbox 524 1719 1311 1786; baseline -0.003 -16"><span class='ocrx_word' id='word_1_115' title='bbox 524 1721 650 1783; x_wconf 85' lang='lat' dir='ltr'><strong>Juno</strong></span> <span class='ocrx_word' id='word_1_116' title='bbox 688 1720 856 1786; x_wconf 87' lang='lat' dir='ltr'><strong>fatigat</strong></span> <span class='ocrx_word' id='word_1_117' title='bbox 891 1721 1045 1768; x_wconf 88' lang='lat' dir='ltr'><strong>omnia</strong></span> <span class='ocrx_word' id='word_1_118' title='bbox 1064 1719 1124 1770; x_wconf 90' lang='lat' dir='ltr'><strong>sc.</strong></span> <span class='ocrx_word' id='word_1_119' title='bbox 1163 1721 1311 1786; x_wconf 80' lang='lat' dir='ltr'><strong>preci-</strong></span> 
     </span>
     <span class='ocr_line' id='line_1_18' title="bbox 523 1785 1313 1843; baseline -0.003 -9"><span class='ocrx_word' id='word_1_120' title='bbox 523 1785 628 1843; x_wconf 90' lang='lat' dir='ltr'><strong>bus,</strong></span> <span class='ocrx_word' id='word_1_121' title='bbox 696 1787 898 1842; x_wconf 89' lang='lat' dir='ltr'><strong>hortatu,</strong></span> <span class='ocrx_word' id='word_1_122' title='bbox 949 1786 1121 1842; x_wconf 81' lang='lat' dir='ltr'><strong>minis3</strong></span> <span class='ocrx_word' id='word_1_123' title='bbox 1175 1786 1313 1833; x_wconf 72' lang='lat' dir='ltr'><strong>habes</strong></span> 
     </span>
     <span class='ocr_line' id='line_1_19' title="bbox 526 1850 1314 1912; baseline -0.003 -13"><span class='ocrx_word' id='word_1_124' title='bbox 526 1850 842 1899; x_wconf 63' lang='lat' dir='ltr'><strong>auctoritatem</strong></span> <span class='ocrx_word' id='word_1_125' title='bbox 876 1867 922 1898; x_wconf 87' lang='lat' dir='ltr'><strong>v.</strong></span> <span class='ocrx_word' id='word_1_126' title='bbox 965 1867 1022 1912; x_wconf 84' lang='lat'><strong>23</strong></span> <span class='ocrx_word' id='word_1_127' title='bbox 1058 1851 1121 1897; x_wconf 89' lang='lat' dir='ltr'><strong>Id</strong></span> <span class='ocrx_word' id='word_1_128' title='bbox 1136 1850 1314 1898; x_wconf 68' lang='lat' dir='ltr'><strong>metuens</strong></span> 
     </span>
     <span class='ocr_line' id='line_1_20' title="bbox 522 1915 1321 1979; baseline -0.004 -15"><span class='ocrx_word' id='word_1_129' title='bbox 522 1921 756 1979; x_wconf 81' lang='lat' dir='ltr'><strong>veterisque</strong></span> <span class='ocrx_word' id='word_1_130' title='bbox 786 1934 939 1963; x_wconf 82' lang='lat' dir='ltr'><strong>memor</strong></span> <span class='ocrx_word' id='word_1_131' title='bbox 970 1916 1179 1963; x_wconf 78' lang='lat' dir='ltr'><strong>Saturnia</strong></span> <span class='ocrx_word' id='word_1_132' title='bbox 1219 1915 1321 1962; x_wconf 74' lang='lat' dir='ltr'><em>belli</em></span> 
     </span>
     <span class='ocr_line' id='line_1_21' title="bbox 525 1979 1314 2031; baseline -0.005 -1"><span class='ocrx_word' id='word_1_133' title='bbox 525 1992 617 2031; x_wconf 85' lang='lat' dir='ltr'><strong>etc.</strong></span> <span class='ocrx_word' id='word_1_134' title='bbox 684 1980 762 2026; x_wconf 87' lang='lat' dir='ltr'><strong>Sic</strong></span> <span class='ocrx_word' id='word_1_135' title='bbox 801 1992 953 2026; x_wconf 88' lang='lat' dir='ltr'><strong>tamen</strong></span> <span class='ocrx_word' id='word_1_136' title='bbox 991 1990 1125 2026; x_wconf 90' lang='lat' dir='ltr'><strong>tenue</strong></span> <span class='ocrx_word' id='word_1_137' title='bbox 1161 1979 1314 2026; x_wconf 90' lang='lat' dir='ltr'><strong>nescio</strong></span> 
     </span>
     <span class='ocr_line' id='line_1_22' title="bbox 526 2043 1315 2110; baseline -0.006 -16"><span class='ocrx_word' id='word_1_138' title='bbox 526 2045 645 2110; x_wconf 89' lang='lat' dir='ltr'><strong>quid</strong></span> <span class='ocrx_word' id='word_1_139' title='bbox 700 2043 892 2092; x_wconf 86' lang='lat' dir='ltr'><strong>infertur</strong></span> <span class='ocrx_word' id='word_1_140' title='bbox 933 2043 1152 2091; x_wconf 80' lang='lat' dir='ltr'><strong>orationi.</strong></span> <span class='ocrx_word' id='word_1_141' title='bbox 1235 2043 1315 2090; x_wconf 87' lang='lat' dir='ltr'><strong>Sin</strong></span> 
     </span>
     <span class='ocr_line' id='line_1_23' title="bbox 525 2108 1314 2174; baseline -0.008 -14"><span class='ocrx_word' id='word_1_142' title='bbox 525 2112 831 2174; x_wconf 63' lang='lat' dir='ltr'><strong>Junofatzgat</strong></span> <span class='ocrx_word' id='word_1_143' title='bbox 850 2121 958 2155; x_wconf 84' lang='lat' dir='ltr'><strong>metu</strong></span> <span class='ocrx_word' id='word_1_144' title='bbox 985 2108 1035 2155; x_wconf 90' lang='lat' dir='ltr'><strong>h.</strong></span> <span class='ocrx_word' id='word_1_145' title='bbox 1066 2125 1108 2156; x_wconf 87' lang='lat' dir='ltr'><strong>e.</strong></span> <span class='ocrx_word' id='word_1_146' title='bbox 1130 2108 1314 2155; x_wconf 90' lang='lat' dir='ltr'><strong>terrori-</strong></span> 
     </span>
     <span class='ocr_line' id='line_1_24' title="bbox 525 2173 1319 2232; baseline -0.005 -9"><span class='ocrx_word' id='word_1_147' title='bbox 525 2174 628 2232; x_wconf 90' lang='lat' dir='ltr'><strong>bus,</strong></span> <span class='ocrx_word' id='word_1_148' title='bbox 638 2194 771 2228; x_wconf 89' lang='lat' dir='ltr'><strong>mare,</strong></span> <span class='ocrx_word' id='word_1_149' title='bbox 781 2187 936 2230; x_wconf 83' lang='lat' dir='ltr'><strong>terras,</strong></span> <span class='ocrx_word' id='word_1_150' title='bbox 949 2173 1116 2228; x_wconf 82' lang='lat' dir='ltr'><em>coelum,</em></span> <span class='ocrx_word' id='word_1_151' title='bbox 1130 2173 1319 2219; x_wconf 87' lang='lat' dir='ltr'><strong>verearis</strong></span> 
     </span>
     <span class='ocr_line' id='line_1_25' title="bbox 529 2237 1318 2302; baseline -0.005 -15"><span class='ocrx_word' id='word_1_152' title='bbox 529 2239 670 2296; x_wconf 86' lang='lat' dir='ltr'><strong>forte,</strong></span> <span class='ocrx_word' id='word_1_153' title='bbox 707 2254 764 2285; x_wconf 90' lang='lat' dir='ltr'><strong>ne</strong></span> <span class='ocrx_word' id='word_1_154' title='bbox 781 2251 962 2302; x_wconf 86' lang='lat' dir='ltr'><strong>turgere</strong></span> <span class='ocrx_word' id='word_1_155' title='bbox 989 2237 1197 2284; x_wconf 88' lang='lat' dir='ltr'><strong>videatur</strong></span> <span class='ocrx_word' id='word_1_156' title='bbox 1217 2253 1318 2284; x_wconf 89' lang='lat' dir='ltr'><strong>ora-</strong></span> 
     </span>
     <span class='ocr_line' id='line_1_26' title="bbox 528 2301 1317 2352; baseline -0.003 -2"><span class='ocrx_word' id='word_1_157' title='bbox 528 2304 620 2352; x_wconf 88' lang='lat' dir='ltr'><strong>tio.</strong></span> <span class='ocrx_word' id='word_1_158' title='bbox 722 2302 811 2349; x_wconf 87' lang='lat' dir='ltr'><strong>Sed</strong></span> <span class='ocrx_word' id='word_1_159' title='bbox 875 2302 1020 2350; x_wconf 88' lang='lat' dir='ltr'>subest</span> <span class='ocrx_word' id='word_1_160' title='bbox 1072 2301 1317 2349; x_wconf 84' lang='lat' dir='ltr'><strong>sententia:</strong></span> 
     </span>
     <span class='ocr_line' id='line_1_27' title="bbox 529 2366 1319 2430; baseline -0.006 -14"><span class='ocrx_word' id='word_1_161' title='bbox 529 2367 758 2430; x_wconf 85' lang='lat' dir='ltr'><strong>Junonern</strong></span> <span class='ocrx_word' id='word_1_162' title='bbox 780 2366 935 2414; x_wconf 90' lang='lat' dir='ltr'><strong>omnia</strong></span> <span class='ocrx_word' id='word_1_163' title='bbox 969 2379 1088 2413; x_wconf 89' lang='lat' dir='ltr'><strong>nunc</strong></span> <span class='ocrx_word' id='word_1_164' title='bbox 1114 2367 1319 2423; x_wconf 88' lang='lat' dir='ltr'><strong>miscere,</strong></span> 
     </span>
     <span class='ocr_line' id='line_1_28' title="bbox 531 2430 1317 2496; baseline -0.006 -15"><span class='ocrx_word' id='word_1_165' title='bbox 531 2446 584 2481; x_wconf 91' lang='lat' dir='ltr'><strong>ut</strong></span> <span class='ocrx_word' id='word_1_166' title='bbox 621 2434 847 2496; x_wconf 87' lang='lat' dir='ltr'><strong>Trojanos</strong></span> <span class='ocrx_word' id='word_1_167' title='bbox 883 2430 1055 2494; x_wconf 91' lang='lat' dir='ltr'><strong>perdat.</strong></span> <span class='ocrx_word' id='word_1_168' title='bbox 1091 2431 1181 2478; x_wconf 90' lang='lat' dir='ltr'><strong>Inf.</strong></span> <span class='ocrx_word' id='word_1_169' title='bbox 1223 2431 1317 2486; x_wconf 88' lang='lat' dir='ltr'><strong>XI,</strong></span> 
     </span>
     <span class='ocr_line' id='line_1_29' title="bbox 531 2497 1320 2562; baseline -0.006 -14"><span class='ocrx_word' id='word_1_170' title='bbox 531 2514 631 2562; x_wconf 82' lang='lat'><strong>400</strong></span> <span class='ocrx_word' id='word_1_171' title='bbox 669 2497 848 2546; x_wconf 85' lang='lat' dir='ltr'><strong>Proinde</strong></span> <span class='ocrx_word' id='word_1_172' title='bbox 885 2503 1022 2542; x_wconf 81' lang='lat' dir='ltr'><strong>omnia</strong></span> <span class='ocrx_word' id='word_1_173' title='bbox 1058 2515 1209 2560; x_wconf 80' lang='lat' dir='ltr'><strong>magno</strong></span> <span class='ocrx_word' id='word_1_174' title='bbox 1251 2498 1320 2543; x_wconf 85' lang='lat' dir='ltr'><strong>Ne</strong></span> 
     </span>
     <span class='ocr_line' id='line_1_30' title="bbox 528 2559 1312 2628; baseline -0.006 -16"><span class='ocrx_word' id='word_1_175' title='bbox 528 2567 634 2628; x_wconf 66' lang='lat' dir='ltr'><strong>cejffiz</strong></span> <span class='ocrx_word' id='word_1_176' title='bbox 653 2562 829 2610; x_wconf 83' lang='lat' dir='ltr'><strong>turbare</strong></span> <span class='ocrx_word' id='word_1_177' title='bbox 846 2573 970 2607; x_wconf 85' lang='lat' dir='ltr'><strong>metu.</strong></span> <span class='ocrx_word' id='word_1_178' title='bbox 1005 2572 1052 2607; x_wconf 87' lang='lat' dir='ltr'><strong>et</strong></span> <span class='ocrx_word' id='word_1_179' title='bbox 1073 2559 1189 2617; x_wconf 90' lang='lat' dir='ltr'>VII,</span> <span class='ocrx_word' id='word_1_180' title='bbox 1227 2577 1312 2621; x_wconf 83' lang='lat'><strong>301</strong></span> 
     </span>
     <span class='ocr_line' id='line_1_31' title="bbox 530 2623 1319 2691; baseline -0.009 -14"><span class='ocrx_word' id='word_1_181' title='bbox 530 2627 754 2691; x_wconf 82' lang='lat' dir='ltr'><em>Absumtae</em></span> <span class='ocrx_word' id='word_1_182' title='bbox 774 2634 819 2673; x_wconf 87' lang='lat' dir='ltr'><strong>in</strong></span> <span class='ocrx_word' id='word_1_183' title='bbox 852 2623 1028 2672; x_wconf 76' lang='lat' dir='ltr'><strong>Teucros</strong></span> <span class='ocrx_word' id='word_1_184' title='bbox 1055 2633 1173 2672; x_wconf 83' lang='lat' dir='ltr'><strong>vires</strong></span> <span class='ocrx_word' id='word_1_185' title='bbox 1204 2625 1319 2672; x_wconf 79' lang='lat' dir='ltr'><strong>coeli-</strong></span> 
     </span>
     <span class='ocr_line' id='line_1_32' title="bbox 528 2690 1324 2758; baseline -0.004 -21"><span class='ocrx_word' id='word_1_186' title='bbox 528 2710 608 2758; x_wconf 83' lang='lat' dir='ltr'><strong>que</strong></span> <span class='ocrx_word' id='word_1_187' title='bbox 636 2694 852 2756; x_wconf 68' lang='lat' dir='ltr'><strong>marffque.</strong></span> <span class='ocrx_word' id='word_1_188' title='bbox 919 2690 1125 2753; x_wconf 64' lang='lat' dir='ltr'><strong>Fattgare</strong></span> <span class='ocrx_word' id='word_1_189' title='bbox 1161 2701 1211 2737; x_wconf 91' lang='lat' dir='ltr'><strong>ut</strong></span> <span class='ocrx_word' id='word_1_190' title='bbox 1244 2705 1324 2735; x_wconf 84' lang='lat' dir='ltr'><strong>ex-</strong></span> 
     </span>
     <span class='ocr_line' id='line_1_33' title="bbox 529 2753 1321 2820; baseline -0.005 -15"><span class='ocrx_word' id='word_1_191' title='bbox 529 2772 702 2812; x_wconf 84' lang='lat' dir='ltr'><strong>ercere,</strong></span> <span class='ocrx_word' id='word_1_192' title='bbox 736 2754 949 2820; x_wconf 86' lang='lat' dir='ltr'><strong>praeclare</strong></span> <span class='ocrx_word' id='word_1_193' title='bbox 971 2754 1058 2800; x_wconf 90' lang='lat' dir='ltr'><strong>hoc</strong></span> <span class='ocrx_word' id='word_1_194' title='bbox 1083 2754 1228 2810; x_wconf 89' lang='lat' dir='ltr'><strong>sensu,</strong></span> <span class='ocrx_word' id='word_1_195' title='bbox 1262 2753 1321 2801; x_wconf 91' lang='lat' dir='ltr'><strong>de</strong></span> 
     </span>
     <span class='ocr_line' id='line_1_34' title="bbox 531 2817 1320 2884; baseline -0.008 -13"><span class='ocrx_word' id='word_1_196' title='bbox 531 2820 685 2876; x_wconf 79' lang='lat' dir='ltr'><strong>rebus,</strong></span> <span class='ocrx_word' id='word_1_197' title='bbox 718 2818 885 2884; x_wconf 80' lang='lat' dir='ltr'><strong>quibus</strong></span> <span class='ocrx_word' id='word_1_198' title='bbox 923 2819 995 2866; x_wconf 90' lang='lat' dir='ltr'><strong>vel</strong></span> <span class='ocrx_word' id='word_1_199' title='bbox 1028 2817 1227 2865; x_wconf 84' lang='lat' dir='ltr'><strong>abutaris</strong></span> <span class='ocrx_word' id='word_1_200' title='bbox 1249 2818 1320 2865; x_wconf 90' lang='lat' dir='ltr'><strong>vel</strong></span> 
     </span>
     <span class='ocr_line' id='line_1_35' title="bbox 530 2882 1323 2949; baseline -0.006 -15"><span class='ocrx_word' id='word_1_201' title='bbox 530 2887 810 2949; x_wconf 82' lang='lat' dir='ltr'><strong>frequenter,</strong></span> <span class='ocrx_word' id='word_1_202' title='bbox 860 2883 1072 2936; x_wconf 87' lang='lat' dir='ltr'><strong>multum,</strong></span> <span class='ocrx_word' id='word_1_203' title='bbox 1126 2882 1323 2930; x_wconf 88' lang='lat' dir='ltr'><strong>nimium</strong></span> 
     </span>
     <span class='ocr_line' id='line_1_36' title="bbox 531 2947 1323 3012; baseline -0.004 -13"><span class='ocrx_word' id='word_1_204' title='bbox 531 2951 700 3006; x_wconf 84' lang='lat' dir='ltr'><strong>utaris3</strong></span> <span class='ocrx_word' id='word_1_205' title='bbox 735 2949 855 2996; x_wconf 89' lang='lat' dir='ltr'><strong>unde</strong></span> <span class='ocrx_word' id='word_1_206' title='bbox 876 2947 1074 3003; x_wconf 88' lang='lat' dir='ltr'><strong>turbare,</strong></span> <span class='ocrx_word' id='word_1_207' title='bbox 1108 2947 1323 3012; x_wconf 86' lang='lat' dir='ltr'><strong>affligere,</strong></span> 
     </span>
     <span class='ocr_line' id='line_1_37' title="bbox 536 3011 1157 3076; baseline -0.003 -13"><span class='ocrx_word' id='word_1_208' title='bbox 536 3030 714 3064; x_wconf 77' lang='lat' dir='ltr'><strong>vexare.</strong></span> <span class='ocrx_word' id='word_1_209' title='bbox 734 3013 797 3062; x_wconf 91' lang='lat' dir='ltr'><strong>cf.</strong></span> <span class='ocrx_word' id='word_1_210' title='bbox 820 3013 879 3060; x_wconf 87' lang='lat' dir='ltr'><strong>ad</strong></span> <span class='ocrx_word' id='word_1_211' title='bbox 902 3011 1044 3069; x_wconf 93' lang='lat' dir='ltr'>VIII,</span> <span class='ocrx_word' id='word_1_212' title='bbox 1078 3028 1157 3076; x_wconf 84' lang='lat'><strong>93.</strong></span> 
     </span>
     <span class='ocr_line' id='line_1_38' title="bbox 587 3077 1324 3140; baseline -0.005 -13"><span class='ocrx_word' id='word_1_213' title='bbox 587 3083 733 3135; x_wconf 56' lang='lat' dir='ltr'><strong>,28st</strong></span> <span class='ocrx_word' id='word_1_214' title='bbox 763 3077 990 3140; x_wconf 88' lang='lat' dir='ltr'><strong>Junonem</strong></span> <span class='ocrx_word' id='word_1_215' title='bbox 1029 3077 1183 3125; x_wconf 86' lang='lat' dir='ltr'><strong>animo</strong></span> <span class='ocrx_word' id='word_1_216' title='bbox 1224 3093 1324 3124; x_wconf 87' lang='lat' dir='ltr'><strong>mu-</strong></span> 
     </span>
     <span class='ocr_line' id='line_1_39' title="bbox 532 3143 1324 3206; baseline -0.001 -15"><span class='ocrx_word' id='word_1_217' title='bbox 532 3153 630 3192; x_wconf 80' lang='lat' dir='ltr'><strong>tato</strong></span> <span class='ocrx_word' id='word_1_218' title='bbox 671 3143 995 3191; x_wconf 56' lang='lat' dir='ltr'><strong>in*‘-‘meliore&#39;m</strong></span> <span class='ocrx_word' id='word_1_219' title='bbox 1029 3154 1220 3206; x_wconf 85' lang='lat' dir='ltr'><strong>partem,</strong></span> <span class='ocrx_word' id='word_1_220' title='bbox 1269 3144 1324 3190; x_wconf 82' lang='grc' dir='ltr'><strong>εἷς</strong></span> 
     </span>
     <span class='ocr_line' id='line_1_40' title="bbox 535 3204 1320 3270; baseline -0.001 -14"><span class='ocrx_word' id='word_1_221' title='bbox 535 3210 588 3256; x_wconf 71' lang='grc' dir='ltr'><strong>τὸ</strong></span> <span class='ocrx_word' id='word_1_222' title='bbox 624 3212 807 3265; x_wconf 66' lang='grc' dir='ltr'><strong>βέλτιον,</strong></span> <span class='ocrx_word' id='word_1_223' title='bbox 863 3208 960 3270; x_wconf 85' lang='lat' dir='ltr'><strong>jam</strong></span> <span class='ocrx_word' id='word_1_224' title='bbox 1014 3204 1320 3255; x_wconf 85' lang='lat' dir='ltr'><strong>consulentem</strong></span> 
     </span>
     <span class='ocr_line' id='line_1_41' title="bbox 542 3270 1323 3338; baseline -0.008 -18"><span class='ocrx_word' id='word_1_225' title='bbox 542 3273 627 3338; x_wconf 87' lang='lat' dir='ltr'><strong>(fic</strong></span> <span class='ocrx_word' id='word_1_226' title='bbox 650 3273 745 3332; x_wconf 90' lang='lat' dir='ltr'><strong>XI,</strong></span> <span class='ocrx_word' id='word_1_227' title='bbox 777 3273 878 3337; x_wconf 86' lang='lat'><strong>426</strong></span> <span class='ocrx_word' id='word_1_228' title='bbox 894 3270 1044 3321; x_wconf 83' lang='lat' dir='ltr'><strong>Multa</strong></span> <span class='ocrx_word' id='word_1_229' title='bbox 1065 3273 1323 3319; x_wconf 71' lang='lat' dir='ltr'><strong>dies—Ret-</strong></span> 
     </span>
     <span class='ocr_line' id='line_1_42' title="bbox 533 3335 1318 3398; baseline -0.003 -12"><span class='ocrx_word' id='word_1_230' title='bbox 533 3338 633 3387; x_wconf 80' lang='lat' dir='ltr'><em>tulit</em></span> <span class='ocrx_word' id='word_1_231' title='bbox 669 3345 714 3385; x_wconf 90' lang='lat' dir='ltr'><strong>in</strong></span> <span class='ocrx_word' id='word_1_232' title='bbox 747 3337 911 3393; x_wconf 86' lang='lat' dir='ltr'><strong>melius,</strong></span> <span class='ocrx_word' id='word_1_233' title='bbox 944 3335 1069 3390; x_wconf 85' lang='lat' dir='ltr'><strong>tulit,</strong></span> <span class='ocrx_word' id='word_1_234' title='bbox 1102 3336 1318 3398; x_wconf 76' lang='lat' dir='ltr'><strong>mutavit)</strong></span> 
     </span>
     <span class='ocr_line' id='line_1_43' title="bbox 536 3401 1320 3466; baseline -0.004 -15"><span class='ocrx_word' id='word_1_235' title='bbox 536 3401 847 3466; x_wconf 82' lang='lat' dir='ltr'>Romanisque</span> <span class='ocrx_word' id='word_1_236' title='bbox 876 3401 1102 3465; x_wconf 81' lang='lat' dir='ltr'>placatam</span> <span class='ocrx_word' id='word_1_237' title='bbox 1135 3415 1194 3448; x_wconf 85' lang='lat' dir='ltr'><strong>ex</strong></span> <span class='ocrx_word' id='word_1_238' title='bbox 1214 3402 1320 3451; x_wconf 89' lang='lat' dir='ltr'><strong>Ho-</strong></span> 
     </span>
     <span class='ocr_line' id='line_1_44' title="bbox 539 3465 1321 3521; baseline -0.003 -6"><span class='ocrx_word' id='word_1_239' title='bbox 539 3465 657 3515; x_wconf 72' lang='lat' dir='ltr'><strong>ratio</strong></span> <span class='ocrx_word' id='word_1_240' title='bbox 692 3465 990 3514; x_wconf 84' lang='lat' dir='ltr'><strong>reminisceris</strong></span> <span class='ocrx_word' id='word_1_241' title='bbox 1029 3465 1190 3514; x_wconf 86' lang='lat' dir='ltr'><strong>Carm.</strong></span> <span class='ocrx_word' id='word_1_242' title='bbox 1228 3465 1321 3521; x_wconf 91' lang='lat' dir='ltr'>III,</span> 
     </span>
    </p>
   </div>
   <div class='ocr_carea' id='block_1_11' title="bbox 538 3527 1326 3598">
    <p class='ocr_par' dir='ltr' id='par_1_11' title="bbox 538 3527 1326 3598">
     <span class='ocr_line' id='line_1_45' title="bbox 538 3527 1326 3598; baseline 0.013 -23"><span class='ocrx_word' id='word_1_243' title='bbox 538 3545 580 3595; x_wconf 74' lang='lat'><strong>3·</strong></span> <span class='ocrx_word' id='word_1_244' title='bbox 598 3527 792 3580; x_wconf 78' lang='lat' dir='ltr'><strong>Gratum</strong></span> <span class='ocrx_word' id='word_1_245' title='bbox 828 3529 986 3581; x_wconf 73' lang='lat' dir='ltr'><strong>elocuta</strong></span> <span class='ocrx_word' id='word_1_246' title='bbox 1018 3529 1326 3598; x_wconf 60' lang='lat' dir='ltr'><strong>cofflliantibus</strong></span> 
     </span>
    </p>
   </div>
   <div class='ocr_carea' id='block_1_12' title="bbox 539 3596 1001 3671">
    <p class='ocr_par' dir='ltr' id='par_1_12' title="bbox 539 3596 1001 3671">
     <span class='ocr_line' id='line_1_46' title="bbox 539 3596 1001 3671; baseline -0.002 -26"><span class='ocrx_word' id='word_1_247' title='bbox 539 3596 708 3671; x_wconf 54' lang='grc' dir='ltr'>Μ</span> <span class='ocrx_word' id='word_1_248' title='bbox 728 3597 843 3645; x_wconf 70' lang='lat' dir='ltr'><strong>divis</strong></span> <span class='ocrx_word' id='word_1_249' title='bbox 859 3606 952 3651; x_wconf 79' lang='lat' dir='ltr'><strong>ete.</strong></span> <span class='ocrx_word' id='word_1_250' title='bbox 999 3622 1001 3624; x_wconf 51' lang='lat'><strong><em>¹</em></strong></span> 
     </span>
    </p>
   </div>
   <div class='ocr_carea' id='block_1_13' title="bbox 1391 1720 2186 2174">
    <p class='ocr_par' dir='ltr' id='par_1_13' title="bbox 1391 1720 2186 2174">
     <span class='ocr_line' id='line_1_47' title="bbox 1460 1720 2182 1785; baseline -0.003 -15"><span class='ocrx_word' id='word_1_251' title='bbox 1460 1726 1570 1785; x_wconf 70' lang='lat'><strong>282.</strong></span> <span class='ocrx_word' id='word_1_252' title='bbox 1605 1721 1813 1785; x_wconf 86' lang='lat' dir='ltr'>Augusto</span> <span class='ocrx_word' id='word_1_253' title='bbox 1847 1720 2182 1785; x_wconf 85' lang='lat' dir='ltr'><strong>frequentatum</strong></span> 
     </span>
     <span class='ocr_line' id='line_1_48' title="bbox 1391 1785 2180 1841; baseline -0.003 -7"><span class='ocrx_word' id='word_1_254' title='bbox 1391 1787 1513 1834; x_wconf 90' lang='lat' dir='ltr'><strong>hunc</strong></span> <span class='ocrx_word' id='word_1_255' title='bbox 1536 1786 1730 1841; x_wconf 87' lang='lat' dir='ltr'><strong>versum,</strong></span> <span class='ocrx_word' id='word_1_256' title='bbox 1765 1802 1822 1833; x_wconf 87' lang='lat' dir='ltr'><strong>ex</strong></span> <span class='ocrx_word' id='word_1_257' title='bbox 1853 1785 2040 1834; x_wconf 86' lang='lat' dir='ltr'><strong>Sueton.</strong></span> <span class='ocrx_word' id='word_1_258' title='bbox 2082 1786 2180 1832; x_wconf 90' lang='lat' dir='ltr'><strong>Oc-</strong></span> 
     </span>
     <span class='ocr_line' id='line_1_49' title="bbox 1394 1850 2185 1914; baseline -0.003 -15"><span class='ocrx_word' id='word_1_259' title='bbox 1394 1864 1486 1899; x_wconf 86' lang='lat' dir='ltr'><strong>tav.</strong></span> <span class='ocrx_word' id='word_1_260' title='bbox 1523 1868 1588 1914; x_wconf 88' lang='lat'><strong>40</strong></span> <span class='ocrx_word' id='word_1_261' title='bbox 1625 1863 1803 1899; x_wconf 87' lang='lat' dir='ltr'><strong>notum.</strong></span> <span class='ocrx_word' id='word_1_262' title='bbox 1869 1850 2038 1899; x_wconf 90' lang='lat' dir='ltr'>Versus</span> <span class='ocrx_word' id='word_1_263' title='bbox 2075 1850 2185 1914; x_wconf 61' lang='lat' dir='ltr'><strong>dig«-</strong></span> 
     </span>
     <span class='ocr_line' id='line_1_50' title="bbox 1395 1914 2185 1981; baseline -0.001 -19"><span class='ocrx_word' id='word_1_264' title='bbox 1395 1917 1582 1963; x_wconf 87' lang='lat' dir='ltr'><strong>nitatem</strong></span> <span class='ocrx_word' id='word_1_265' title='bbox 1618 1915 1666 1963; x_wconf 88' lang='lat' dir='ltr'><strong>in</strong></span> <span class='ocrx_word' id='word_1_266' title='bbox 1710 1915 1854 1979; x_wconf 87' lang='lat' dir='ltr'><strong>prima</strong></span> <span class='ocrx_word' id='word_1_267' title='bbox 1884 1927 2010 1981; x_wconf 88' lang='lat' dir='ltr'><strong>parte</strong></span> <span class='ocrx_word' id='word_1_268' title='bbox 2047 1914 2185 1962; x_wconf 86' lang='lat' dir='ltr'><strong>facile</strong></span> 
     </span>
     <span class='ocr_line' id='line_1_51' title="bbox 1395 1980 2185 2045; baseline -0.003 -17"><span class='ocrx_word' id='word_1_269' title='bbox 1395 1980 1637 2045; x_wconf 83' lang='lat' dir='ltr'><strong>percipias.</strong></span> <span class='ocrx_word' id='word_1_270' title='bbox 1701 1991 1748 2026; x_wconf 89' lang='lat' dir='ltr'><strong>at</strong></span> <span class='ocrx_word' id='word_1_271' title='bbox 1778 1981 1873 2045; x_wconf 93' lang='lat' dir='ltr'><strong>post</strong></span> <span class='ocrx_word' id='word_1_272' title='bbox 1896 1982 2096 2028; x_wconf 88' lang='lat' dir='ltr'><strong>Romanos</strong></span> <span class='ocrx_word' id='word_1_273' title='bbox 2117 1998 2185 2027; x_wconf 64' lang='lat' dir='ltr'><strong>rea</strong></span> 
     </span>
     <span class='ocr_line' id='line_1_52' title="bbox 1395 2045 2186 2109; baseline 0 -17"><span class='ocrx_word' id='word_1_274' title='bbox 1395 2065 1488 2093; x_wconf 79' lang='lat' dir='ltr'><strong>rum</strong></span> <span class='ocrx_word' id='word_1_275' title='bbox 1529 2048 1722 2099; x_wconf 84' lang='lat' dir='ltr'><strong>dominos,</strong></span> <span class='ocrx_word' id='word_1_276' title='bbox 1794 2061 1946 2092; x_wconf 91' lang='lat' dir='ltr'><strong>annon</strong></span> <span class='ocrx_word' id='word_1_277' title='bbox 2001 2045 2186 2109; x_wconf 89' lang='lat' dir='ltr'><strong>languet</strong></span> 
     </span>
     <span class='ocr_line' id='line_1_53' title="bbox 1391 2107 2184 2174; baseline -0.003 -18"><span class='ocrx_word' id='word_1_278' title='bbox 1391 2122 1632 2174; x_wconf 80' lang='lat' dir='ltr'><strong>gentemque</strong></span> <span class='ocrx_word' id='word_1_279' title='bbox 1652 2122 1857 2174; x_wconf 77' lang='lat' dir='ltr'><strong>togatam,</strong></span> <span class='ocrx_word' id='word_1_280' title='bbox 1892 2110 1938 2156; x_wconf 91' lang='lat' dir='ltr'><strong>h.</strong></span> <span class='ocrx_word' id='word_1_281' title='bbox 1963 2125 2003 2156; x_wconf 90' lang='lat' dir='ltr'><strong>e.</strong></span> <span class='ocrx_word' id='word_1_282' title='bbox 2042 2125 2068 2154; x_wconf 93' lang='lat' dir='ltr'><strong>a</strong></span> <span class='ocrx_word' id='word_1_283' title='bbox 2090 2107 2184 2154; x_wconf 90' lang='lat' dir='ltr'><strong>ves-</strong></span> 
     </span>
    </p>
   </div>
   <div class='ocr_carea' id='block_1_14' title="bbox 1398 2166 2200 2246">
    <p class='ocr_par' dir='ltr' id='par_1_14' title="bbox 1398 2166 2200 2246">
     <span class='ocr_line' id='line_1_54' title="bbox 1398 2166 2200 2246; baseline 0 -26"><span class='ocrx_word' id='word_1_284' title='bbox 1398 2172 1580 2235; x_wconf 85' lang='lat' dir='ltr'><strong>timenti</strong></span> <span class='ocrx_word' id='word_1_285' title='bbox 1615 2236 1626 2246; x_wconf 45' lang='lat'><strong>·</strong></span> <span class='ocrx_word' id='word_1_286' title='bbox 1643 2189 1804 2237; x_wconf 88' lang='lat' dir='ltr'>genere</span> <span class='ocrx_word' id='word_1_287' title='bbox 1872 2166 2148 2236; x_wconf 74' lang='lat' dir='ltr'><strong>defignatain</strong></span> <span class='ocrx_word' id='word_1_288' title='bbox 2167 2173 2200 2220; x_wconf 67' lang='lat'><strong>3-</strong></span> 
     </span>
    </p>
   </div>
   <div class='ocr_carea' id='block_1_15' title="bbox 1399 2237 2186 2303">
    <p class='ocr_par' dir='ltr' id='par_1_15' title="bbox 1399 2237 2186 2303">
     <span class='ocr_line' id='line_1_55' title="bbox 1399 2237 2186 2303; baseline 0 -19"><span class='ocrx_word' id='word_1_289' title='bbox 1399 2237 1519 2303; x_wconf 82' lang='lat' dir='ltr'><strong>Qis</strong></span> <span class='ocrx_word' id='word_1_290' title='bbox 1555 2253 1678 2284; x_wconf 88' lang='lat' dir='ltr'><strong>emm</strong></span> <span class='ocrx_word' id='word_1_291' title='bbox 1716 2253 1838 2285; x_wconf 88' lang='lat' dir='ltr'><strong>nunc</strong></span> <span class='ocrx_word' id='word_1_292' title='bbox 1883 2238 2025 2285; x_wconf 88' lang='lat' dir='ltr'><strong>fimile</strong></span> <span class='ocrx_word' id='word_1_293' title='bbox 2067 2237 2186 2301; x_wconf 88' lang='lat' dir='ltr'><strong>quid</strong></span> 
     </span>
    </p>
   </div>
   <div class='ocr_carea' id='block_1_16' title="bbox 1398 2301 2197 2367">
    <p class='ocr_par' dir='ltr' id='par_1_16' title="bbox 1398 2301 2197 2367">
     <span class='ocr_line' id='line_1_56' title="bbox 1398 2301 2197 2367; baseline -0.003 -17"><span class='ocrx_word' id='word_1_294' title='bbox 1398 2303 1534 2350; x_wconf 87' lang='lat' dir='ltr'><strong>ferret</strong></span> <span class='ocrx_word' id='word_1_295' title='bbox 1577 2301 1626 2347; x_wconf 90' lang='lat' dir='ltr'><strong>in</strong></span> <span class='ocrx_word' id='word_1_296' title='bbox 1668 2301 1840 2358; x_wconf 83' lang='lat' dir='ltr'><strong>Gallis,</strong></span> <span class='ocrx_word' id='word_1_297' title='bbox 1886 2301 2072 2367; x_wconf 83' lang='lat' dir='ltr'><strong>Anglis‚</strong></span> <span class='ocrx_word' id='word_1_298' title='bbox 2104 2302 2197 2349; x_wconf 72' lang='lat' dir='ltr'><strong>de--</strong></span> 
     </span>
    </p>
   </div>
   <div class='ocr_carea' id='block_1_17' title="bbox 1397 2366 2195 3144">
    <p class='ocr_par' dir='ltr' id='par_1_17' title="bbox 1397 2366 2195 3144">
     <span class='ocr_line' id='line_1_57' title="bbox 1398 2366 2189 2431; baseline 0.001 -17"><span class='ocrx_word' id='word_1_299' title='bbox 1398 2366 1659 2431; x_wconf 84' lang='lat' dir='ltr'><strong>fignandis?</strong></span> <span class='ocrx_word' id='word_1_300' title='bbox 1714 2366 1898 2414; x_wconf 81' lang='lat' dir='ltr'><strong>Scilicet</strong></span> <span class='ocrx_word' id='word_1_301' title='bbox 1954 2367 2189 2415; x_wconf 78' lang='lat' dir='ltr'><strong>Romanos</strong></span> 
     </span>
     <span class='ocr_line' id='line_1_58' title="bbox 1398 2431 2186 2496; baseline 0.001 -19"><span class='ocrx_word' id='word_1_302' title='bbox 1398 2431 1498 2478; x_wconf 79' lang='lat' dir='ltr'><strong>belli</strong></span> <span class='ocrx_word' id='word_1_303' title='bbox 1519 2435 1715 2496; x_wconf 78' lang='lat' dir='ltr'><strong>pacisque</strong></span> <span class='ocrx_word' id='word_1_304' title='bbox 1752 2431 1916 2479; x_wconf 81' lang='lat' dir='ltr'><strong>artibus</strong></span> <span class='ocrx_word' id='word_1_305' title='bbox 1935 2431 2068 2479; x_wconf 87' lang='lat' dir='ltr'><strong>claros</strong></span> <span class='ocrx_word' id='word_1_306' title='bbox 2090 2447 2186 2479; x_wconf 82' lang='lat' dir='ltr'><strong>me-</strong></span> 
     </span>
     <span class='ocr_line' id='line_1_59' title="bbox 1399 2497 2190 2563; baseline 0.003 -21"><span class='ocrx_word' id='word_1_307' title='bbox 1399 2509 1544 2543; x_wconf 88' lang='lat' dir='ltr'><strong>morat</strong></span> <span class='ocrx_word' id='word_1_308' title='bbox 1587 2501 1752 2563; x_wconf 72' lang='lat' dir='ltr'><strong>poeta:</strong></span> <span class='ocrx_word' id='word_1_309' title='bbox 1799 2497 2019 2560; x_wconf 68' lang='lat' dir='ltr'><strong>Romanos²</strong></span> <span class='ocrx_word' id='word_1_310' title='bbox 2051 2511 2190 2544; x_wconf 79' lang='lat' dir='ltr'><strong>rerum</strong></span> 
     </span>
     <span class='ocr_line' id='line_1_60' title="bbox 1399 2561 2191 2613; baseline 0.001 -6"><span class='ocrx_word' id='word_1_311' title='bbox 1399 2564 1591 2613; x_wconf 84' lang='lat' dir='ltr'><strong>dominos,</strong></span> <span class='ocrx_word' id='word_1_312' title='bbox 1641 2561 1689 2608; x_wconf 89' lang='lat' dir='ltr'><strong>h.</strong></span> <span class='ocrx_word' id='word_1_313' title='bbox 1726 2577 1768 2608; x_wconf 92' lang='lat' dir='ltr'><strong>e.</strong></span> <span class='ocrx_word' id='word_1_314' title='bbox 1808 2562 1932 2608; x_wconf 88' lang='lat' dir='ltr'><strong>orbis</strong></span> <span class='ocrx_word' id='word_1_315' title='bbox 1969 2572 2191 2609; x_wconf 83' lang='lat' dir='ltr'><strong>terrarum</strong></span> 
     </span>
     <span class='ocr_line' id='line_1_61' title="bbox 1404 2625 2191 2690; baseline 0.004 -19"><span class='ocrx_word' id='word_1_316' title='bbox 1404 2639 1677 2690; x_wconf 82' lang='lat' dir='ltr'><strong>regnatores,</strong></span> <span class='ocrx_word' id='word_1_317' title='bbox 1711 2642 1767 2672; x_wconf 82' lang='lat' dir='ltr'><strong>an</strong></span> <span class='ocrx_word' id='word_1_318' title='bbox 1799 2625 1887 2674; x_wconf 91' lang='lat' dir='ltr'><strong>hoc</strong></span> <span class='ocrx_word' id='word_1_319' title='bbox 1908 2626 1997 2673; x_wconf 92' lang='lat' dir='ltr'><strong>fine</strong></span> <span class='ocrx_word' id='word_1_320' title='bbox 2018 2625 2191 2674; x_wconf 81' lang='lat' dir='ltr'><strong>armis?</strong></span> 
     </span>
     <span class='ocr_line' id='line_1_62' title="bbox 1401 2689 2195 2756; baseline 0.001 -19"><span class='ocrx_word' id='word_1_321' title='bbox 1401 2690 1492 2737; x_wconf 91' lang='lat' dir='ltr'><strong>fine</strong></span> <span class='ocrx_word' id='word_1_322' title='bbox 1524 2689 1686 2751; x_wconf 86' lang='lat' dir='ltr'><strong>bellica</strong></span> <span class='ocrx_word' id='word_1_323' title='bbox 1721 2690 1921 2738; x_wconf 84' lang='lat' dir='ltr'><strong>virtute?</strong></span> <span class='ocrx_word' id='word_1_324' title='bbox 1955 2691 2058 2753; x_wconf 77' lang='lat' dir='ltr'><strong>jam</strong></span> <span class='ocrx_word' id='word_1_325' title='bbox 2081 2711 2195 2756; x_wconf 68' lang='lat' dir='ltr'><strong>gens</strong></span> 
     </span>
     <span class='ocr_line' id='line_1_63' title="bbox 1397 2755 2190 2820; baseline 0 -18"><span class='ocrx_word' id='word_1_326' title='bbox 1397 2768 1557 2818; x_wconf 81' lang='lat' dir='ltr'><strong>temque</strong></span> <span class='ocrx_word' id='word_1_327' title='bbox 1587 2764 1773 2819; x_wconf 78' lang='lat' dir='ltr'><strong>togatam</strong></span> <span class='ocrx_word' id='word_1_328' title='bbox 1801 2755 2028 2820; x_wconf 87' lang='lat' dir='ltr'><strong>intelligas</strong></span> <span class='ocrx_word' id='word_1_329' title='bbox 2063 2756 2190 2820; x_wconf 83' lang='lat' dir='ltr'><strong>spec-</strong></span> 
     </span>
     <span class='ocr_line' id='line_1_64' title="bbox 1401 2819 2194 2885; baseline 0 -19"><span class='ocrx_word' id='word_1_330' title='bbox 1401 2831 1496 2866; x_wconf 89' lang='lat' dir='ltr'><strong>tare</strong></span> <span class='ocrx_word' id='word_1_331' title='bbox 1517 2819 1574 2867; x_wconf 91' lang='lat' dir='ltr'><strong>ad</strong></span> <span class='ocrx_word' id='word_1_332' title='bbox 1598 2826 1735 2885; x_wconf 82' lang='lat' dir='ltr'><strong>togae,</strong></span> <span class='ocrx_word' id='word_1_333' title='bbox 1768 2819 1816 2869; x_wconf 95' lang='lat' dir='ltr'><strong>h.</strong></span> <span class='ocrx_word' id='word_1_334' title='bbox 1855 2837 1897 2868; x_wconf 93' lang='lat' dir='ltr'><strong>e.</strong></span> <span class='ocrx_word' id='word_1_335' title='bbox 1941 2820 2084 2884; x_wconf 89' lang='lat' dir='ltr'><strong>pacis,</strong></span> <span class='ocrx_word' id='word_1_336' title='bbox 2117 2829 2194 2867; x_wconf 21' lang='lat' dir='ltr'><strong>ara*</strong></span> 
     </span>
     <span class='ocr_line' id='line_1_65' title="bbox 1401 2883 2184 2949; baseline 0.001 -18"><span class='ocrx_word' id='word_1_337' title='bbox 1401 2895 1467 2932; x_wconf 88' lang='lat' dir='ltr'><strong>tes</strong></span> <span class='ocrx_word' id='word_1_338' title='bbox 1501 2900 1555 2932; x_wconf 89' lang='lat' dir='ltr'><strong>ac</strong></span> <span class='ocrx_word' id='word_1_339' title='bbox 1601 2883 1807 2934; x_wconf 83' lang='lat' dir='ltr'><strong>virtuteS.</strong></span> <span class='ocrx_word' id='word_1_340' title='bbox 1873 2883 1935 2932; x_wconf 89' lang='lat' dir='ltr'><strong>Et</strong></span> <span class='ocrx_word' id='word_1_341' title='bbox 1975 2884 2184 2949; x_wconf 87' lang='lat' dir='ltr'><strong>cogitan-</strong></span> 
     </span>
     <span class='ocr_line' id='line_1_66' title="bbox 1401 2947 2192 3014; baseline 0.001 -19"><span class='ocrx_word' id='word_1_342' title='bbox 1401 2949 1532 3005; x_wconf 88' lang='lat' dir='ltr'>dum,</span> <span class='ocrx_word' id='word_1_343' title='bbox 1582 2947 1799 3013; x_wconf 86' lang='lat' dir='ltr'><strong>majorem</strong></span> <span class='ocrx_word' id='word_1_344' title='bbox 1833 2949 2102 3014; x_wconf 84' lang='lat' dir='ltr'><strong>dignitatem</strong></span> <span class='ocrx_word' id='word_1_345' title='bbox 2139 2949 2192 2996; x_wconf 84' lang='lat' dir='ltr'><strong>in</strong></span> 
     </span>
     <span class='ocr_line' id='line_1_67' title="bbox 1405 3013 2190 3079; baseline 0 -19"><span class='ocrx_word' id='word_1_346' title='bbox 1405 3025 1515 3078; x_wconf 88' lang='lat' dir='ltr'><strong>toga</strong></span> <span class='ocrx_word' id='word_1_347' title='bbox 1569 3013 1679 3061; x_wconf 91' lang='lat' dir='ltr'><strong>olim</strong></span> <span class='ocrx_word' id='word_1_348' title='bbox 1725 3013 1853 3061; x_wconf 83' lang='lat' dir='ltr'><strong>fuiffe</strong></span> <span class='ocrx_word' id='word_1_349' title='bbox 1894 3031 2030 3079; x_wconf 87' lang='lat' dir='ltr'><strong>quam</strong></span> <span class='ocrx_word' id='word_1_350' title='bbox 2070 3030 2190 3060; x_wconf 87' lang='lat' dir='ltr'><strong>nunc</strong></span> 
     </span>
     <span class='ocr_line' id='line_1_68' title="bbox 1406 3077 2194 3144; baseline 0 -19"><span class='ocrx_word' id='word_1_351' title='bbox 1406 3078 1456 3125; x_wconf 90' lang='lat' dir='ltr'><strong>in</strong></span> <span class='ocrx_word' id='word_1_352' title='bbox 1479 3079 1574 3126; x_wconf 89' lang='lat' dir='ltr'><strong>ullo</strong></span> <span class='ocrx_word' id='word_1_353' title='bbox 1594 3077 1841 3126; x_wconf 82' lang='lat' dir='ltr'><strong>vestimenti</strong></span> <span class='ocrx_word' id='word_1_354' title='bbox 1864 3095 2041 3144; x_wconf 88' lang='lat' dir='ltr'><strong>genere.</strong></span> <span class='ocrx_word' id='word_1_355' title='bbox 2098 3077 2194 3126; x_wconf 70' lang='lat' dir='ltr'><strong>The</strong></span> 
     </span>
    </p>
   </div>
   <div class='ocr_carea' id='block_1_18' title="bbox 1400 3142 2199 3401">
    <p class='ocr_par' dir='ltr' id='par_1_18' title="bbox 1400 3142 2199 3401">
     <span class='ocr_line' id='line_1_69' title="bbox 1403 3142 2199 3207; baseline -0.003 -16"><span class='ocrx_word' id='word_1_356' title='bbox 1403 3143 1580 3191; x_wconf 82' lang='lat' dir='ltr'><strong>enrob&#39;d</strong></span> <span class='ocrx_word' id='word_1_357' title='bbox 1594 3143 1731 3206; x_wconf 80' lang='lat' dir='ltr'><strong>people</strong></span> <span class='ocrx_word' id='word_1_358' title='bbox 1763 3143 1937 3193; x_wconf 87' lang='lat' dir='ltr'><strong>diceret</strong></span> <span class='ocrx_word' id='word_1_359' title='bbox 1972 3161 2065 3191; x_wconf 89' lang='lat' dir='ltr'><strong>non</strong></span> <span class='ocrx_word' id='word_1_360' title='bbox 2101 3142 2199 3207; x_wconf 69' lang='lat' dir='ltr'><strong>mi-¹</strong></span> 
     </span>
     <span class='ocr_line' id='line_1_70' title="bbox 1402 3207 2198 3273; baseline 0 -19"><span class='ocrx_word' id='word_1_361' title='bbox 1402 3223 1485 3255; x_wconf 90' lang='lat' dir='ltr'><strong>nus</strong></span> <span class='ocrx_word' id='word_1_362' title='bbox 1504 3207 1702 3272; x_wconf 86' lang='lat' dir='ltr'><strong>graviter</strong></span> <span class='ocrx_word' id='word_1_363' title='bbox 1733 3208 1975 3257; x_wconf 86' lang='lat' dir='ltr'><strong>Britannus</strong></span> <span class='ocrx_word' id='word_1_364' title='bbox 1994 3208 2163 3273; x_wconf 85' lang='lat' dir='ltr'><strong>aliquis</strong></span> <span class='ocrx_word' id='word_1_365' title='bbox 2175 3227 2198 3265; x_wconf 68' lang='grc' dir='ltr'><strong>ς·</strong></span> 
     </span>
     <span class='ocr_line' id='line_1_71' title="bbox 1400 3271 2199 3321; baseline 0.003 -3"><span class='ocrx_word' id='word_1_366' title='bbox 1400 3283 1452 3319; x_wconf 92' lang='lat' dir='ltr'><strong>ut</strong></span> <span class='ocrx_word' id='word_1_367' title='bbox 1485 3271 1602 3319; x_wconf 88' lang='lat' dir='ltr'><strong>belle</strong></span> <span class='ocrx_word' id='word_1_368' title='bbox 1636 3272 1850 3320; x_wconf 89' lang='lat' dir='ltr'><strong>monebat</strong></span> <span class='ocrx_word' id='word_1_369' title='bbox 1879 3289 1952 3321; x_wconf 91' lang='lat' dir='ltr'><strong>me</strong></span> <span class='ocrx_word' id='word_1_370' title='bbox 1975 3272 2199 3321; x_wconf 75' lang='lat' dir='ltr'><strong>Brandefi&#39;</strong></span> 
     </span>
     <span class='ocr_line' id='line_1_72' title="bbox 1400 3335 2199 3401; baseline 0 -18"><span class='ocrx_word' id='word_1_371' title='bbox 1400 3335 1467 3385; x_wconf 91' lang='lat' dir='ltr'><strong>V.</strong></span> <span class='ocrx_word' id='word_1_372' title='bbox 1512 3337 1573 3383; x_wconf 90' lang='lat' dir='ltr'><strong>C.</strong></span> <span class='ocrx_word' id='word_1_373' title='bbox 1629 3338 1700 3385; x_wconf 84' lang='lat' dir='ltr'><strong>Sic</strong></span> <span class='ocrx_word' id='word_1_374' title='bbox 1727 3337 1958 3400; x_wconf 66' lang='lat' dir='ltr'><strong>placitum,⁴</strong></span> <span class='ocrx_word' id='word_1_375' title='bbox 1997 3338 2064 3386; x_wconf 86' lang='lat' dir='ltr'><strong>ita</strong></span> <span class='ocrx_word' id='word_1_376' title='bbox 2088 3340 2199 3401; x_wconf 58' lang='lat' dir='ltr'><strong>&#39;ego&#39;</strong></span> 
     </span>
    </p>
   </div>
   <div class='ocr_carea' id='block_1_19' title="bbox 1400 3400 2191 3458">
    <p class='ocr_par' dir='ltr' id='par_1_19' title="bbox 1400 3400 2191 3458">
     <span class='ocr_line' id='line_1_73' title="bbox 1400 3400 2191 3458; baseline 0 -9"><span class='ocrx_word' id='word_1_377' title='bbox 1400 3400 1631 3458; x_wconf 82' lang='lat' dir='ltr'><strong>constitui,</strong></span> <span class='ocrx_word' id='word_1_378' title='bbox 1685 3400 1885 3453; x_wconf 87' lang='lat' dir='ltr'><strong>decrevi.</strong></span> <span class='ocrx_word' id='word_1_379' title='bbox 1966 3403 2041 3451; x_wconf 89' lang='lat' dir='ltr'><strong>De</strong></span> <span class='ocrx_word' id='word_1_380' title='bbox 2093 3402 2191 3450; x_wconf 87' lang='lat' dir='ltr'><strong>for-</strong></span> 
     </span>
    </p>
   </div>
   <div class='ocr_carea' id='block_1_20' title="bbox 1401 3465 2265 3530">
    <p class='ocr_par' dir='ltr' id='par_1_20' title="bbox 1401 3465 2265 3530">
     <span class='ocr_line' id='line_1_74' title="bbox 1401 3465 2265 3530; baseline -0.001 -16"><span class='ocrx_word' id='word_1_381' title='bbox 1401 3467 1526 3514; x_wconf 88' lang='lat' dir='ltr'><strong>mula</strong></span> <span class='ocrx_word' id='word_1_382' title='bbox 1555 3465 1656 3530; x_wconf 87' lang='lat' dir='ltr'><strong>agit</strong></span> <span class='ocrx_word' id='word_1_383' title='bbox 1688 3465 1844 3516; x_wconf 86' lang='lat' dir='ltr'><strong>Burm.</strong></span> <span class='ocrx_word' id='word_1_384' title='bbox 1879 3469 1940 3517; x_wconf 83' lang='lat' dir='ltr'><strong>ad</strong></span> <span class='ocrx_word' id='word_1_385' title='bbox 1974 3465 2082 3516; x_wconf 86' lang='lat' dir='ltr'><strong>AEn.</strong></span> <span class='ocrx_word' id='word_1_386' title='bbox 2120 3465 2193 3522; x_wconf 86' lang='grc' dir='ltr'><strong>ΙΙ,</strong></span> <span class='ocrx_word' id='word_1_387' title='bbox 2263 3526 2265 3528; x_wconf 10' lang='lat' dir='ltr'>q</span> 
     </span>
    </p>
   </div>
   <div class='ocr_carea' id='block_1_21' title="bbox 1401 3536 1515 3598">
    <p class='ocr_par' dir='ltr' id='par_1_21' title="bbox 1401 3536 1515 3598">
     <span class='ocr_line' id='line_1_75' title="bbox 1401 3536 1515 3598; baseline -0.018 -16"><span class='ocrx_word' id='word_1_388' title='bbox 1401 3536 1515 3598; x_wconf 89' lang='lat'><strong>428.</strong></span> 
     </span>
    </p>
   </div>
   <div class='ocr_carea' id='block_1_22' title="bbox 1955 3675 2195 3711">
    <p class='ocr_par' dir='ltr' id='par_1_22' title="bbox 1955 3675 2195 3711">
     <span class='ocr_line' id='line_1_76' title="bbox 1955 3675 2195 3711; baseline 0.004 -1"><span class='ocrx_word' id='word_1_389' title='bbox 1955 3675 2195 3711; x_wconf 69' lang='lat' dir='ltr'><strong>manorum</strong></span> 
     </span>
    </p>
   </div>
   <div class='ocr_carea' id='block_1_23' title="bbox 2333 0 2372 1431">
    <p class='ocr_par' dir='ltr' id='par_1_23' title="bbox 2333 0 2372 1431">
     <span class='ocr_line' id='line_1_77' title="bbox 2333 0 2372 1431; baseline 0 0"><span class='ocrx_word' id='word_1_390' title='bbox 2333 0 2372 1431; x_wconf 95' lang='lat' dir='ltr'><strong> </strong></span> 
     </span>
    </p>
   </div>
   <div class='ocr_carea' id='block_1_24' title="bbox 1469 3561 2201 3664">
    <p class='ocr_par' dir='ltr' id='par_1_24' title="bbox 1469 3561 2201 3664">
     <span class='ocr_line' id='line_1_78' title="bbox 1469 3561 2201 3664; baseline -0.01 -15"><span class='ocrx_word' id='word_1_391' title='bbox 1469 3597 1531 3651; x_wconf 83' lang='lat'><strong>28</strong></span> <span class='ocrx_word' id='word_1_392' title='bbox 1536 3600 1692 3662; x_wconf 84' lang='lat'>3·-28</span> <span class='ocrx_word' id='word_1_393' title='bbox 1695 3608 1742 3663; x_wconf 80' lang='grc' dir='ltr'><strong>ς.</strong></span> <span class='ocrx_word' id='word_1_394' title='bbox 1798 3561 2064 3664; x_wconf 55' lang='lat' dir='ltr'><strong>splendide</strong></span> <span class='ocrx_word' id='word_1_395' title='bbox 2095 3583 2201 3643; x_wconf 58' lang='lat' dir='ltr'><strong>Ro?</strong></span> 
     </span>
    </p>
   </div>
  </div>
 </body>
</html>
