2372 4030
550 356 622 413 82

794 346 864 408 P.
933 346 1405 409 VIRG-ILII
1487 347 1980 412 MARONIS

545 518 622 578 Se
697 537 935 597 quoque
967 556 971 561 .
1002 518 1373 599 principibus
1449 522 1821 613 permixtum
1863 522 2183 603 'adgnovit

790 633 1063 707 Achivis,

547 745 818 828 ansque
845 751 1021 822 acieS‚
1048 765 1108 810 et
1135 748 1294 830 nigri
1323 749 1671 811 Memnonis
1699 771 1882 812 arma.

601 949 701 998 488.
729 953 873 1004 agncfir't
889 951 1060 1004 praesens
1089 960 1249 1005 tempus
1277 949 1445 1005 pi&urae
1476 950 1777 991 convenientius
1812 950 2078 991 arbitrabatur
2105 953 2184 992 Ge.

549 1013 699 1055 Fabric.
720 1011 936 1067 idquejam
949 1028 989 1054 v,
1008 1026 1089 1064 470
1104 1015 1292 1055 vidimus.
1347 1015 1400 1055 Et
1420 1016 1498 1055 hoc
1526 1011 1646 1055 habet
1666 1017 1888 1063 Romanus,
1914 1021 2006 1055 cum
2032 1016 2182 1069 fragm.

548 1078 680 1116 vatic.
699 1077 796 1117 teste
811 1078 991 1117 Bottario
1010 1091 1048 1131 p.
1074 1089 1168 1128 170,
1184 1087 1231 1117 ut
1250 1078 1363 1127 adeo,
1381 1078 1411 1119 fi
1430 1078 1715 1117 au&oritatem
1732 1078 1919 1131 sequaris,
1936 1079 2046 1132 quod
2059 1081 2182 1120 etiam

549 1140 726 1193 Cuning.
744 1139 874 1179 feciffe
893 1141 1088 1189 videmus,
1113 1141 1387 1193 recipiendum
1417 1140 1479 1190 fit,
1505 1154 1598 1181 cum
1634 1149 1743 1181 totus
1769 1141 1960 1182 orationis
1990 1151 2107 1182 tenor
2140 1140 2185 1182 id

548 1203 719 1256 flagitet.
776 1204 862 1244 Nec
882 1205 1015 1244 minus
1033 1214 1170 1245 tamen
1192 1205 1289 1244 ferri
1308 1219 1467 1258 quoque
1485 1205 1613 1259 potest
1642 1205 1829 1256 alterum,
1853 1209 2032 1261 adgnovit,
2057 1219 2099 1247 et
2116 1220 2188 1249 va-

543 1265 660 1310 riaffe
679 1266 807 1309 videri
823 1265 952 1324 potest
965 1270 1097 1323 poeta.
1154 1268 1217 1308 Sic
1235 1278 1275 1310 et
1295 1268 1476 1309 censebat
1499 1268 1672 1309 Brunck.

549 1438 750 1477 mentum
783 1426 833 1475 in
859 1426 1031 1491 pariete
1049 1426 1323 1491 express'um:

548 1496 718 1540 redditio
738 1500 909 1555 corporis
930 1490 1138 1545 Hellorez,
1168 1507 1224 1538 ex
1246 1487 1326 1536 Ili-

550 1557 625 1605 ad.
692 1580 739 1604 ω.
806 1557 926 1604 Bene
984 1557 1055 1603 vel
1108 1558 1166 1602 ad
1220 1553 1328 1601 artis

547 1620 797 1668 rationem:
879 1633 1132 1683 raptaverat
1144 1640 1158 1677 3
1225 1635 1330 1666 nam

548 1685 637 1732 hoc
702 1685 1002 1739 antecefferat,
1071 1696 1117 1731 et
1169 1694 1331 1746 corpus

546 1750 748 1797 lacerum
778 1762 823 1796 et
845 1749 1068 1796 foedatum
1088 1747 1330 1796 immanem

549 1831 650 1861 eam
687 1814 1011 1861 contumeliam
1049 1814 1121 1860 vel
1160 1813 1211 1859 in
1251 1813 1331 1860 tali

546 1895 685 1942 opere
746 1894 932 1942 arguere
985 1888 1174 1942 poterat.
1241 1877 1332 1924 Ex-

547 1944 737 2007 preffum
760 1954 908 1990 autem
928 1954 1109 2007 putetur
1136 1940 1333 1990 Achillis

550 2008 818 2063 tentorium,
852 2007 944 2072 ipse
1009 2005 1216 2054 Achilles
1269 2005 1332 2053 se-

549 2073 681 2128 dens,
695 2072 877 2135 supplex
898 2080 939 2118 ei
949 2077 1103 2136 fac‘lus
1133 2073 1332 2121 Priamus

559 2137 692 2200 (vide
730 2137 866 2184 Iliad.
910 2161 958 2193 ω,
992 2140 1086 2202 478
1128 2136 1246 2199 sqq.)
1287 2149 1333 2184 et

551 2201 762 2249 divinum
799 2200 943 2248 illud:
980 2208 1146 2252 Μνῆσαι
1180 2203 1337 2264 πατρὸς

553 2266 883 2329 nefa—jamJam
902 2266 991 2313 fari
1014 2266 1259 2330 incipiens;
1285 2268 1334 2313 in

552 2330 813 2394 conspeetu,
846 2330 1036 2378 addufta
1084 2348 1111 2378 a
1152 2329 1336 2377 Priamo

556 2394 814 2443 redimendi
887 2395 1092 2460 corporis
1166 2395 1336 2458 pretia;

553 2460 757 2522 ἇπεςείσι’
809 2460 961 2507 ἄποινα
1007 2464 1251 2524 ’(-χξυσέ
1295 2461 1337 2508 δὲ

553 2529 689 2581 vlam
708 2528 818 2587 ἕφεξε
838 2526 937 2573 δέκα
953 2527 1099 2573 πάντα
1120 2529 1336 2573 τάλαντα.

553 2592 676 2640 unde
696 2608 742 2639 V.
776 2592 872 2654 484
892 2611 994 2638 auro
1012 2605 1149 2655 corpus
1170 2611 1221 2637 v.
1245 2592 1304 2637 A.
1307 2594 1338 2651 J

556 2656 728 2703 adstant
762 2670 818 2702 ex
850 2654 938 2702 alia
958 2667 1082 2719 parte
1097 2654 1256 2718 spolia,
1288 2655 1336 2702 h.

553 2737 599 2770 e.
635 2736 759 2767 arma
791 2720 954 2782 quibus
982 2720 1143 2767 caesum
1165 2719 1336 2766 Hecto-

554 2803 650 2833 rem
678 2783 942 2848 spoliaverat
978 2784 1139 2841 vistor,
1172 2804 1335 2839 currus,

553 2850 632 2898 cui
665 2848 893 2912 illigatum
928 2866 1029 2897 eum
1064 2861 1333 2910 raptaverat,

555 2926 603 2962 et
623 2917 749 2978 ipsum
771 2928 907 2977 corpus
926 2923 1067 2971 amici,
1098 2914 1161 2961 sc.
1207 2913 1333 2962 Hec-

554 2979 686 3034 toris,
717 2994 774 3025 ex
800 2994 933 3027 curru
955 2979 1159 3043 supinum
1180 2979 1335 3043 pulve-

551 3043 597 3092 ri
617 3042 903 3099 incumbens,
922 3045 1044 3108 quod
1069 3042 1146 3090 die
1162 3058 1340 3106 quoque

555 3119 660 3156 orto
697 3119 765 3155 ter
802 3108 924 3156 circa
954 3107 1148 3156 Patrocli
1189 3119 1339 3154 tumu-

555 3175 656 3222 lum
696 3172 878 3219 duRare
915 3173 1085 3221 solebat
1119 3172 1339 3220 Achilles.

554 3256 600 3286 v.
642 3236 777 3286 Iliad.
831 3260 880 3291 ω,
920 3256 980 3302 14
1022 3237 1150 3301 sqq.'
1186 3236 1237 3283 Si
1275 3235 1342 3283 ita

554 3318 605 3350 re
638 3301 863 3349 raesentata
935 3303 1106 3366 fingula
1178 3302 1340 3367 fingas,

555 3367 608 3413 ni
642 3365 676 3412 il
692 3367 787 3428 jam
808 3367 886 3420 est,
919 3367 1044 3431 quod
1077 3382 1181 3415 cum
1212 3366 1342 3414 Con-

557 3429 691 3484 rado,
725 3430 984 3479 Burmanno
1028 3430 1216 3496 aliisque
1270 3431 1342 3479 vel

554 3493 776 3544 defideres
827 3496 899 3544 vel
950 3496 1154 3549 haereas„
1211 3495 1343 3547 Poffis

1407 1436 1453 1473 et
1499 1426 1579 1474 illa
1628 1429 1902 1493 485—487,
1959 1429 2185 1478 diversum

1407 1487 1592 1555 aliquod
1636 1509 1748 1556 opus
1783 1494 1947 1549 facere,
1982 1503 2187 1559 raptatio-

1407 1575 1500 1603 nem
1555 1557 1651 1618 caefi
1686 1559 1891 1615 Hestorm
1930 1576 2022 1605 non
2063 1558 2189 1606 illam

1409 1619 1532 1667 circa
1565 1636 1715 1669 muros
1741 1621 1921 1676 saetam,
1955 1623 2030 1670 sed
2052 1622 2190 1679 hanc,

1411 1698 1501 1748 qua
1523 1685 1581 1731 ad
1614 1698 1745 1732 naves
1769 1700 2001 1735 oneratum
2037 1687 2192 1751 spoliis

1409 1760 1456 1794 et
1496 1750 1712 1796 cadavere
1765 1750 1952 1814 alligato
2005 1768 2191 1800 currum

1415 1813 1610 1876 agitaret
1649 1814 1819 1870 vifior3
1854 1833 1911 1863 ex
1951 1817 2090 1865 Iliad.
2131 1839 2191 1881 χ,

1419 1894 1509 1943 395
1539 1877 1636 1942 sqq.
1678 1878 1765 1943 (cf.
1792 1879 1952 1944 Difiys
1984 1881 2078 1938 III,
2116 1900 2133 1930 1
2145 1899 2194 1948 ς,

1421 1946 1499 2004 16)
1544 1960 1635 1990 non
1685 1957 1851 2002 tamen,
1886 1957 1937 1993 ut
1978 1945 2195 2001 arbitror,

1416 2006 1522 2054 satis
1563 2011 1819 2057 commode.
1887 2011 1959 2058 De
2000 2029 2044 2058 v.
2098 2014 2194 2076 483

1411 2072 1519 2119 vide
1551 2071 1819 2121 Excursum.
1884 2078 1996 2141 487.
2031 2077 2202 2125 Manus·

1411 2145 1583 2186 inermes
1600 2138 1696 2185 noli
1717 2138 1905 2187 inertem
1942 2152 2099 2204 putare
2120 2157 2196 2188 or-

1413 2214 1585 2250 natum.
1653 2203 1776 2250 Nam
1792 2220 1847 2251 eo
1867 2204 2048 2269 spestat,
2068 2206 2195 2269 quod

1415 2266 1659 2314 intraverat
1698 2269 1872 2316 hostilia
1910 2270 2048 2317 castra
2094 2272 2197 2336 sup-

1414 2332 1519 2395 plex
1555 2333 1614 2379 ad
1651 2350 1798 2398 genua
1839 2334 2052 2382 Ι-Ιεξὶοῐίε
2087 2352 2198 2399 pro-

1415 2395 1667 2445 cubiturus.
1735 2398 1884 2445 Totus
1938 2398 2015 2446 hic
2068 2400 2200 2449 locus

1416 2461 1474 2509 est
1494 2477 1550 2508 ex
1572 2461 1845 2510 feliciffimis.

1481 2529 1595 2588 488.
1622 2527 1743 2574 Cum
1759 2527 1953 2576 Achivis
1964 2531 2199 2593 pem-istum

1417 2591 1592 2654 praelio,
1666 2595 1906 2656 προμάχοις
1956 2593 2200 2657 μιχθέντα,

1419 2655 1492 2702 seu
1526 2669 1821 2720 pugnantem,
1855 2658 2043 2706 AEneam
2083 2658 2201 2723 saepe

1413 2735 1487 2782 ap.
1523 2721 1717 2770 Homer.
1754 2722 1973 2780 invenias,
1993 2723 2200 2787 inprimis

1412 2782 1548 2834 Iliad.
1574 2809 1590 2833 ε
1610 2798 1656 2832 et
1677 2808 1716 2834 v.

1476 2853 1588 2914 489.
1656 2852 1862 2915 Agnovit
1905 2852 2203 2901 Memnonem-

1413 2926 1708 2979 pugnantem,
1779 2918 1899 2980 quod
1945 2931 2094 2965 autem
2133 2924 2203 2966 ni-

1407 3000 1535 3044 grum
1590 2982 1784 3045 appellat
1838 2996 1883 3029 et
1932 2984 2039 3031 ans
2088 2988 2198 3031 acies

1417 3057 1655 3100 memorat,
1675 3045 1727 3092 id
1748 3062 1802 3093 eo
1823 3048 2034 3109 pertinet,
2056 3049 2201 3111 quod,

1419 3109 1784 3174 quandoquidem
1810 3112 1978 3160 auxilia
1995 3128 2053 3159 ex
2072 3111 2203 3160 terris

1421 3173 1479 3219 ab
1511 3174 1686 3222 oriente
1719 3174 1830 3229 fitis,
1862 3193 1964 3240 quae
1999 3188 2097 3224 tum
2119 3176 2202 3223 sub

1422 3236 1705 3301 Affyriorum
1748 3239 1925 3288 ditione
1965 3240 2092 3289 fuiffe
2136 3239 2208 3289 vi-

1420 3301 1605 3358 dentur,
1638 3305 1833 3352 Aurorae
1861 3305 1940 3354 ille
1972 3305 2092 3353 filius
2120 3305 2203 3353 ad-
2238 3349 2239 3354 ,

1422 3366 1576 3422 duxit,
1600 3384 1647 3415 re
1669 3368 1719 3415 in
1739 3370 1880 3432 majus
1901 3372 2047 3427 aneia,
2065 3369 2211 3418 Indos>

1422 3443 1467 3478 et
1488 3432 1728 3498 AEthiopes
1747 3435 1977 3482 adduxiffe
1998 3434 2209 3483 fabulose

1422 3495 1612 3549 dicitur.
1647 3497 1770 3546 Vide
1791 3498 1979 3552 Excurs.
1996 3499 2055 3548 ad
2075 3499 2125 3547 h.
2147 3500 2183 3548 l.

1690 3578 1711 3614 1
2031 3652 2038 3660 .
2104 3578 2208 3643 49⁹
