2294 4030
581 291 779 370 ΑΒ,
813 294 929 359 L'I
959 295 1010 358 B
1037 292 1188 361 R‘U
1213 296 1308 362 M„
1352 294 1412 366 h
1720 317 1844 401 129

206 452 364 524 &liquo
383 454 569 506 arenoso
595 457 720 506 circa
738 457 945 507 Clauden
968 459 1180 518 insulam,
1213 479 1304 510 non
1333 464 1392 512 de
1421 464 1596 528 magnis
1618 464 1845 529 Syrtibut,

206 530 518 603 accipiendam
553 542 776 596 putamus.
865 531 1010 580 Fuiffe
1055 533 1201 597 igitur
1231 536 1282 583 in
1321 553 1374 584 ea
1410 537 1543 584 maris
1576 554 1717 603 parte,
1749 530 1849 593 eins-ff

203 619 262 652 ca
304 605 419 652 Aras
449 604 523 652 seu
556 604 787 668 AEgimuri
812 605 993 664 insulas,
1024 608 1126 654 loca
1161 611 1346 659 arenosa
1379 612 1652 662 credendum
1680 615 1758 672 est,
1778 614 1841 667 *in

204 678 308 743 ῥυῇ
322 682 430 744 par}
446 677 634 727 navium
653 679 953 743 Trojanarum
977 681 1162 734 incidit,

364 915 371 922 ,
671 864 713 913 E
746 864 797 913 X
829 866 872 914 c
906 866 952 914 U
988 867 1035 915 R
1068 869 1096 916 s
1131 866 1182 915 U
1214 868 1244 931 s
1313 868 1379 918 v.

330 957 616 1038 Neptunus
633 965 888 1040 graviter
909 978 1179 1024 commotus
1204 969 1436 1047 idemque
1454 968 1723 1048 placidus,

250 1087 306 1147 I,
336 1108 627 1158 ⁴124—129.
660 1095 831 1144 Interea
872 1116 1020 1162 magno
1064 1101 1222 1160 misceri
1254 1119 1462 1148 murmure
1501 1114 1670 1164 pontum
1711 1098 1845 1162 Emgl}

189 1167 366 1230 jhmque
386 1167 554 1216 hiemem
557 1172 689 1233 sensit
704 1171 918 1233 Neptunus
937 1185 978 1218 et
997 1179 1086 1219 imis
1112 1173 1279 1236 Stagna
1302 1178 1442 1238 refusa
1465 1179 1591 1222 vadis
1608 1194 1626 1223 .·
1648 1174 1847 1236 graviter

204 1253 460 1288 commotus
492 1256 534 1289 et
561 1243 649 1291 alto
679 1245 926 1308 Prospiciens
940 1248 1114 1306 summa
1134 1245 1363 1309 placidum
1386 1259 1520 1310 caput
1539 1236 1690 1295 extulit
1710 1251 1842 1311 unda.

173 1312 175 1314 ¹
204 1311 305 1361 Hic
335 1325 541 1381 graviter
568 1333 795 1373 commotus,
831 1318 915 1376 ira,
952 1331 998 1366 et
1032 1333 1155 1382 caput
1183 1320 1395 1383 placidum
1429 1321 1593 1368 habere
1631 1320 1845 1369 videntur

203 1387 355 1451 primo
391 1391 577 1449 obtutu,
605 1392 730 1456 quod
767 1393 850 1441 fibi
884 1406 1117 1457 repugnet.
1205 1394 1514 1442 Observarunt
1543 1396 1637 1458 jam
1673 1391 1757 1442 alii
1796 1406 1843 1443 et

202 1477 349 1532 nuper
386 1466 460 1514 In.
495 1468 697 1516 Homius
739 1468 791 1516 in
834 1468 1057 1518 Element.
1102 1468 1268 1518 Critic.
1334 1470 1436 1518 Nec
1475 1485 1624 1520 tamen
1660 1469 1849 1527 defuere

126 1606 127 1611 1
195 1539 293 1602 jam
331 1541 442 1591 olim
475 1544 557 1608 qui
594 1542 903 1591 defenderent.
970 1542 1074 1591 Sed*
1095 1543 1507 1592 Grammaticorum
1543 1557 1743 1592 veterum
1775 1546 1841 1598 le.

203 1615 374 1665 viffima
394 1620 453 1666 est
476 1618 611 1673 ratic,
635 1631 683 1665 ut
706 1618 894 1664 alterum
917 1617 974 1665 ad
997 1619 1204 1675 AEolum,
1237 1620 1428 1667 alterum
1450 1619 1646 1684 respeftu
1667 1616 1841 1678 AEneaess

200 1691 481 1741 dietumfit.
548 1692 790 1739 Artificum
823 1702 992 1748 autem,
1027 1692 1191 1756 quibus
1222 1693 1364 1740 animi
1399 1705 1546 1741 motus
1581 1694 1629 1741 in
1649 1695 1840 1743 deorum

201 1782 282 1814 ore
314 1767 379 1814 ita
409 1768 510 1815 sunt
546 1766 849 1830 exprimendi,
887 1783 944 1813 ne
977 1767 1160 1831 placida
1183 1767 1381 1815 numinis
1404 1769 1598 1831 majestas
1620 1769 1727 1818 inde
1749 1770 1839 1816 mi-

202 1852 386 1898 nuatur,
422 1843 629 1906 exemplo
657 1851 704 1887 et
737 1839 929 1895 ratione,
968 1841 1027 1887 ad
1063 1858 1197 1904 quam
1218 1840 1431 1905 Spencius
1454 1855 1688 1904 provocat,
1719 1843 1840 1891 tueri

201 1921 386 1978 poetam
423 1917 585 1965 nolim.
654 1915 776 1963 Nam
815 1913 990 1961 diversa
1021 1915 1081 1961 est
1118 1915 1168 1961 in
1206 1914 1276 1961 his
1314 1914 1516 1977 poetices
1555 1926 1600 1961 et
1640 1916 1838 1979 plastices

200 1990 318 2038 ratio
351 1998 484 2056 atque
513 1991 703 2038 indoles.
771 1979 929 2036 Plastes
962 1988 1083 2034 enim
1122 1989 1193 2035 vel
1214 1988 1360 2051 pifior
1382 1987 1494 2034 iram
1515 1988 1650 2034 etiam
1671 1989 1839 2052 placidi

202 2065 355 2113 vultus
372 2066 629 2129 exprimere
650 2064 788 2128 potest
804 2084 819 2120 3
854 2075 899 2110 et
920 2062 969 2109 in
992 2061 1200 2125 Neptuni
1229 2076 1307 2109 ore
1329 2063 1440 2108 iram
1463 2061 1525 2109 ita
1546 2062 1677 2126 pingi
1700 2064 1838 2126 posse,

201 2148 254 2185 ut
276 2139 447 2203 placidi
463 2139 613 2186 vultus
632 2136 819 2200 vestigia
840 2152 933 2183 non
957 2137 1093 2183 modo
1115 2147 1341 2191 maneant,
1362 2151 1516 2182 verum
1538 2135 1675 2183 etiam
1695 2128 1835 2199 ipsam

198 2210 315 2259 iram
339 2224 585 2277 temperent
605 2223 650 2259 et
674 2211 905 2274 mitigent,
931 2226 1062 2256 nemo
1084 2209 1278 2256 dubitat.
1345 2208 1517 2255 Verum
1540 2215 1696 2272 poeta,
1728 2225 1836 2267 cum

192 2291 398 2352 graviter
415 2301 646 2336 commotum
666 2297 712 2333 et
724 2286 935 2348 placidum
955 2283 1182 2349 sigillatim
1206 2300 1344 2331 unum
1366 2284 1462 2346 post
1478 2284 1666 2330 alterum
1684 2283 1834 2347 ponit,

200 2361 388 2411 diverfis
420 2363 562 2412 animi
595 2362 765 2410 sensum
789 2379 841 2409 ac
863 2360 1190 2410 contrariarum
1214 2376 1360 2408 rerum
1383 2359 1655 2424 imaginibus
1675 2361 1834 2425 impel-

198 2435 279 2493 lit,
309 2437 508 2502 adeoque
541 2438 733 2484 alterum
762 2437 902 2484 altero
934 2435 1152 2483 subeunte
1169 2435 1364 2498 jugulat.
1429 2433 1675 2481 Meliorem
1697 2435 1835 2481 ratio-

200 2523 307 2558 nem
344 2528 399 2559 ac
436 2512 559 2560 viam
596 2511 872 2560 defendendi
908 2515 1057 2575 poetae
1091 2507 1403 2572 suppeditabat
1439 2510 1709 2567 Brandcfius,
1746 2506 1836 2562 Vit

200 2583 418 2642 summus,
439 2579 606 2636 artium
627 2585 966 2650 litterarumque
998 2584 1260 2649 politiorum
1281 2582 1489 2647 egregius
1509 2582 1693 2639 arbiter,
1726 2596 1834 2637 cum

198 2673 248 2711 et
277 2661 382 2729 ipsis
406 2663 564 2729 poetis
597 2679 696 2711 eam
725 2664 872 2727 legem
902 2660 1112 2724 scriptam
1139 2671 1184 2706 et
1218 2658 1274 2705 ab
1313 2659 1517 2706 Homero
1554 2663 1623 2719 (ut
1656 2657 1704 2704 in
1732 2657 1833 2721 ipso

203 2735 426 2801 Neptuno
465 2737 626 2801 Odyff.
651 2761 690 2793 ε,
725 2740 816 2787 282
853 2737 970 2800 sqq0)
1012 2747 1057 2784 et
1090 2733 1435 2800 praestantiffimo
1473 2748 1652 2795 quoque
1693 2737 1839 2794 poeta„

199 2809 481 2861 observatam
519 2811 603 2859 effe
639 2802 828 2867 diceret,
868 2822 919 2858 ut
954 2808 1224 2874 dignitatem
1258 2818 1304 2855 et
1338 2806 1605 2869 majestatem
1640 2805 1832 2862 deorum·

197 2885 346 2942 etiam
385 2887 435 2935 in
471 2887 543 2934 ira⁴
584 2887 657 2934 vel
691 2885 988 2934 exsultatione
1021 2884 1168 2931 aliove
1204 2882 1361 2929 affeetu
1406 2880 1548 2938 animi
1590 2879 1831 2943 servarent,

199 2960 332 3027 eique
362 2963 572 3012 haetenus
603 2961 901 3016 consulerent,
935 2977 993 3008 ne
1013 2958 1176 3007 faciem
1200 2969 1276 3006 aut
1296 2957 1362 3003 ira
1380 2966 1622 3003 tumentem
1643 2965 1720 3002 aut
1739 2954 1830 3001 ric-

197 3044 301 3092 'mm
335 3035 561 3085 cachinno
597 3035 854 3092 diduCtum,
884 3033 1130 3099 legentium
1163 3030 1307 3079 sensui
1336 3030 1601 3092 objicerent.
1674 3026 1827 3074 Etiam

201 3109 255 3158 in
290 3109 411 3158 iliis:
443 3111 559 3175 Qos
591 3113 798 3177 ego—ſsd
815 3113 993 3173 praestat
1024 3107 1204 3174 placida
1233 3105 1313 3155 illa
1333 3104 1408 3152 dei
1431 3103 1626 3166 majestas
1647 3118 1671 3148 a
1690 3108 1829 3166 poe'ta

199 3185 262 3234 est
281 3184 474 3249 prodita.
540 3182 1019 3248 Tamquamnuminis
1041 3182 1189 3245 itaque
1204 3178 1435 3244 proprium
1451 3175 1637 3226 omnino
1659 3174 1827 3223 haben—

201 3258 314 3309 dum
347 3259 408 3306 est
432 3259 646 3323 placidum
680 3271 822 3323 caput,
855 3258 980 3322 quod
1010 3268 1056 3304 et
1087 3257 1263 3320 placato
1293 3266 1338 3300 et
1376 3251 1490 3300 irato
1524 3248 1736 3297 convenit
1770 3265 1826 3304 ae

199 3347 370 3393 manet,
404 3336 620 3401 adeoque>
641 3335 690 3386 h.
729 3336 762 3384 l.
803 3333 918 3382 mari
948 3333 1131 3381 effertur
1158 3331 1292 3381 etiam
1327 3328 1385 3376 ab
1418 3328 1551 3376 irato.
1617 3326 1705 3373 Sed
1741 3339 1826 3374 nee

198 3407 367 3467 rideas,
399 3426 535 3476 quare
561 3417 770 3478 graviter
803 3421 1013 3458 commotus
1030 3407 1087 3454 de
1110 3405 1238 3471 gravi
1261 3419 1316 3450 ac
1345 3403 1606 3473 vehemente
1624 3400 1711 3470 ira,
1735 3414 1828 3464 qua.

193 3484 525 3544 exardesceret,
557 3497 793 3552 acceptum
824 3483 894 3534 fit.
960 3481 1037 3530 Est
1069 3479 1190 3533 enirn
1225 3475 1342 3525 nihil
1373 3476 1495 3525 aliud
1518 3469 1828 3596 qulalmrquod

284 3567 297 3576 ⁴
1560 3581 1563 3585 -
1626 3558 1833 3610 eptunun,
