2294 4030
455 356 578 419 734.
687 341 758 403 P.
820 334 1306 401 VIRGJLII
1370 332 1871 398 MARoms

443 507 584 569 Aufi
611 524 813 566 omnes
839 505 1076 564 inmane
1102 500 1284 572 nesae,
1312 500 1568 580 ausoque
1593 501 1797 580 potiti.

1927 511 1931 515 ’
1957 502 2090 580 624ἴ

443 617 602 689 Non,
628 615 777 674 mihi
807 613 850 674 fi
879 613 1102 694 linguae
1130 627 1373 690 centum
1399 611 1532 684 fint,
1561 630 1784 692 oraque
1811 624 2082 687 centum,

443 730 650 792 Ferrea
677 747 812 800 vox,
836 726 1028 787 omnis
1055 724 1338 787 scelerum
1364 706 1769 803 conprendere
1798 723 2040 797 formaS,

444 842 665 904 Omnia
693 858 1013 922 poenarum
1038 854 1381 919 percurrere
1409 834 1657 895 nomina
1683 834 1914 915 posfim.

524 956 679 1017 Haec
708 954 809 1014 ubi
851 952 1005 1012 dicta
1032 950 1197 1012 dedit
1224 948 1440 1009 Phoebi
1466 948 1744 1029 longaeva
1773 951 2073 1012 sacerdos:

442 1075 555 1138 sed
593 1072 723 1155 jam
765 1089 894 1150 age,
935 1088 1113 1150 carpe
1149 1066 1331 1137 viam,
1377 1076 1436 1122 et
1479 1060 1817 1145 susceptum
1852 1066 2081 1145 perfice

676 1200 911 1255 munUS,

1958 1180 2078 1258 629

494 1348 587 1398 624.
617 1349 770 1406 ausuque
780 1358 825 1403 p.
849 1345 1011 1387 vratiss.
1032 1354 1072 1385 et
1093 1342 1255 1386 Zulieh.
1280 1356 1304 1383 a
1321 1356 1379 1385 m.
1402 1343 1499 1403 see„
1521 1341 1654 1384 forma
1670 1355 1752 1383 non
1770 1340 2078 1383 inusitata—⁴

444 1412 536 1464 627,
559 1415 674 1469 poffim
694 1427 740 1452 ex
759 1411 989 1452 melioribus
1007 1419 1047 1450 et
1076 1409 1233 1449 ratione
1261 1408 1524 1462 grammatica
1557 1406 1667 1448 reste
1687 1406 1860 1447 restituit
1876 1403 2077 1445 Heinsius,

441 1479 575 1532 Vulgo
587 1480 722 1533 pffm.

442 1545 544 1597 conj.
561 1541 695 1583 Heius.

834 1477 928 1531 629.
959 1477 1014 1517 Et
1035 1474 1118 1530 jam
1138 1474 1292 1517 Medic.
1349 1489 1418 1531 age
1451 1472 1558 1515 abest
1589 1485 1614 1512 a
1646 1473 1795 1526 Puget.
1851 1471 1930 1512 Eia
1945 1484 2014 1525 age
2039 1483 2075 1513 cs

439 1694 522 1748 pro
543 1677 715 1727 monitu
748 1677 824 1726 est.
909 1675 1013 1725 Nec
1044 1676 1212 1742 impor-
1278 1680 1397 1740 fhit,
1429 1691 1486 1723 eo
1513 1675 1728 1740 pertinet,
1761 1675 1888 1739 quod
1973 1687 2076 1720 ran-

442 1757 597 1790 tunum
618 1754 662 1791 et
691 1743 852 1790 inutile
885 1739 1107 1790 monitum
1162 1761 1214 1790 u·

439 1808 623 1855 tandum
647 1808 735 1855 hoc
769 1807 887 1855 inter
918 1823 1012 1861 eos,
1051 1760 1217 1870 quissus

441 1872 587 1928 nullus
628 1871 904 1938 poenitentiae
956 1871 1082 1918 locus
1136 1873 1215 1919 est.

443 1935 590 1983 Poenae
622 1937 741 1984 enim
763 1936 865 1983 loco
886 1935 1044 1983 haberi
1075 1937 1216 1999 potest

440 2001 534 2050 haec
557 2000 649 2064 ipsa
671 2000 936 2048 admonitio.
970 2016 1016 2049 v.
1039 2000 1213 2062 Jortin.

440 2081 486 2128 p.
510 2069 618 2115 288.
692 2067 917 2114 Caeterum
951 2064 1027 2112 hic
1064 2065 1214 2114 versus

441 2146 531 2178 non
573 2130 691 2179 inter
747 2130 992 2178 rhetoricas
1046 2129 1209 2193 figuras

438 2207 530 2243 erat
572 2194 844 2251 referendus,
898 2193 1061 2258 quibus
1105 2193 1208 2244 sane

439 2258 525 2309 hoc
548 2260 644 2308 fieri
664 2259 884 2316 videmus,
918 2269 968 2306 ut
989 2259 1047 2315 is,
1080 2261 1210 2324 cujus

438 2326 664 2390 exemp10,
704 2322 805 2372 casu
843 2335 888 2371 et
931 2340 1083 2387 poena,
1131 2326 1210 2372 ad·

439 2404 690 2443 monemur,
735 2389 920 2452 loquens
970 2388 1213 2437 inducatur

442 2454 661 2516 (exempla
733 2470 779 2503 v.
829 2469 900 2517 ap.
957 2451 1211 2505 Valkenar.

438 2519 588 2566 Oratt.
606 2535 653 2582 p.
679 2520 819 2582 327);
852 2516 1045 2565 alienum
1076 2519 1163 2566 hoc
1183 2536 1209 2567 a

438 2588 592 2649 poeta,
624 2582 701 2645 qui
744 2599 800 2630 ex
832 2583 1039 2646 ἐναργείας
1060 2584 1207 2647 poeti-

438 2663 505 2693 cae
546 2647 662 2710 lege,
695 2658 740 2693 et
782 2663 838 2694 ex
870 2659 1087 2711 perpetuo
1128 2649 1207 2697 usu

436 2726 531 2765 eos,
565 2711 621 2757 de
641 2711 804 2775 quibus
840 2724 1007 2767 narrat,
1041 2726 1209 2778 agentes

436 2789 477 2831 et
517 2776 713 2839 loquentes
773 2775 966 2825 exhibere
1014 2787 1208 2835 tenetur,

438 2859 516 2899 non
534 2855 638 2890 vero
659 2840 770 2903 quid
789 2839 963 2904 egerint
984 2852 1061 2888 aut
1078 2841 1209 2891 dixe-

438 2904 547 2960 rint,
579 2923 757 2953 narrare
773 2916 836 2963 et,
870 2920 917 2952 re
937 2904 1001 2952 ita
1021 2906 1207 2962 ferente,

437 2985 516 3034 per
537 2969 725 3033 figuram
744 2971 975 3033 loquentes
995 2970 1212 3018 inducere

437 3034 594 3142 guest.
681 3032 744 3095 V.
784 3037 894 3083 621.
932 3034 1024 3082 622
1059 3052 1116 3082 ex
1150 3035 1208 3084 L.

487 3096 581 3144 arlo
621 3114 745 3161 paene
786 3098 985 3163 integros
1027 3100 1208 3148 traduc-

436 3171 506 3213 tos
538 3161 638 3217 esse,
672 3163 889 3212 Macrob.
906 3162 996 3220 VI,
1034 3181 1051 3213 1
1081 3167 1208 3213 testa-

437 3237 537 3272 tur:
573 3225 768 3275 Vendidit
805 3227 873 3276 hic
926 3227 1098 3277 Latium

429 3290 559 3353 pulis,
608 3297 803 3357 agrqsque
843 3294 1060 3356 Qtiritum
1106 3295 1206 3341 Eri-

431 3358 540 3417 spuit,
559 3358 666 3417 fixit
686 3356 794 3422 leges
818 3366 951 3421 pretio
985 3370 1111 3422 atque
1142 3379 1208 3406 re-

424 3419 548 3479 fixit.
631 3418 772 3485 Qlod
823 3419 990 3484 adjecit
1014 3437 1027 3467 τ
1083 3425 1208 3471 domi-

432 3488 607 3549 'qmmque
639 3496 841 3550 potentem
871 3485 1035 3551 patr-im
1066 3488 1204 3553 Imp&

1297 1756 1407 1788 num
1449 1741 1603 1788 liberae
1644 1739 1825 1788 civitati
1867 1738 1917 1786 in
1951 1737 2072 1785 uxit.

1288 1818 1492 1868 potentem
1513 1817 1660 1853 ornat.
1725 1804 1834 1870 leges
1850 1805 1963 1867 fixit
1974 1815 2074 1866 pre⁴

1280 1876 1354 1917 ‘tio
1415 1882 1673 1935 corruptus,
1725 1883 1849 1935 atque
1913 1869 2074 1931 refixit.

1293 1936 1412 1982 recle
1465 1934 1662 1991 Servius,
1860 1939 1942 1982 inci
1959 1952 2000 1980 ae
2031 1941 2077 1981 in

1291 2005 1415 2048 aereis
1437 1999 1591 2048 tabulis
1621 2000 1742 2063 leges
1779 1996 2075 2063 affigebantur

1288 2063 1554 2128 parietibus.
1604 2064 1767 2112 Minus
1785 2063 1897 2110 bene
1920 2062 2075 2111 Cerda

1288 2140 1334 2175 et
1352 2129 1452 2184 alii,
1470 2130 1570 2185 effe,
1591 2129 1641 2175 in
1662 2145 1719 2176 aes
1736 2127 1958 2176 incidere.
2009 2126 2075 2174 Ii-

1286 2193 1390 2241 dem
1407 2194 1523 2242 bene
1544 2194 1729 2241 laudant
1748 2194 1896 2257 legem
1918 2192 2076 2239 Venu-

1283 2257 1381 2312 lcii,
1399 2276 1499 2322 quae
1511 2259 1571 2306 est
1585 2258 1617 2306 l.
1636 2261 1663 2305 8
1679 2256 1744 2304 D.
1758 2259 1816 2304 ad
1835 2257 2072 2320 L.Juliam

1287 2324 1550 2433 peculatus:
1584 2328 1658 2389 qui
1693 2322 1885 2370 tabulam
1915 2340 2074 2370 aeream

1306 2390 1658 2453 egis—refixerit,
1705 2387 1775 2435 vel
1843 2386 1923 2434 uid
1964 2386 2074 2435 inde

1292 2452 1621 2510 immutaverit,
1656 2451 1781 2518 Lege
1858 2450 1949 2499 ulia
1991 2467 2070 2515 pe>

1288 2519 1462 2566 culatus
1504 2529 1695 2566 tenetur.
1767 2515 1982 2580 Sequitur
2025 2514 2068 2580 §5

1294 2598 1313 2630 1
1350 2585 1510 2632 Eadem
1546 2583 1585 2631 le
1612 2603 1634 2630 e
1674 2594 1852 2637 tenetur,
1879 2581 1957 2646 qui
1999 2583 2079 2633 uid

1288 2653 1333 2694 in
1347 2647 1503 2696 tabulis
1507 2604 1967 2713 pubglicisdeleveritve
1998 2644 2069 2694 ini·

1286 2710 1497 2770 duxerit;
1531 2713 1655 2780 quod
1674 2711 1809 2767 ,adeo
1829 2708 2062 2761 diversum

1286 2775 1345 2823 ab
1367 2776 1448 2826 illo
1485 2779 1570 2826 effe
1605 2775 1773 2824 neceffe
1801 2775 1880 2823 est'-
1946 2773 2073 2822 Lau»

1285 2841 1398 2890 dant
1433 2857 1616 2907 quoque
1651 2842 1724 2889 Int
1757 2857 1803 2904 p.
1826 2838 2070 2887 Ciceronis

1283 2905 1456 2964 locum,
1487 2908 1570 2972 qui
1610 2906 1672 2955 est
1750 2904 1864 2969 hilip
1896 2939 1910 2953 .
1944 2901 2067 2960 XII,

1287 2986 1313 3035 5
1338 2971 1375 3019 f.
1417 2971 1649 3020 ‘Caeterum
1666 2969 1853 3018 inanise
1904 2983 2065 3021 eorum

1285 3050 1441 3098 opera,
1472 3037 1554 3100 qui
1593 3036 1691 3100 post
1730 3034 1938 3083 Servium
1969 3031 2067 3081 haen

1287 3100 1440 3148 omnia
1481 3101 1539 3149 ad
1576 3111 1724 3148 certos
1759 3097 1970 3147 homines
2000 3111 2061 3145 ex

1285 3163 1556 3276 autgquitinte
1574 3163 2064 3289 refierrtlegodlueguntffl

1394 3247 1418 3278 2
1558 3265 1573 3278 .
1656 3245 1687 3276 x
1776 3245 1801 3276 a
1837 3261 1852 3274 .
1922 3263 1936 3283 ,
1975 3245 1978 3249 ’

1287 3246 1652 3343 ῃοῑὶίῖὶςιηὲῗοεο.
1670 3292 1733 3343 cf.
1756 3293 1851 3341 Ge.
1873 3291 1942 3348 111,
1971 3305 2061 3352 τος

1286 3357 1353 3422 sq.
1408 3357 1628 3408 Praeivifl'e
1644 3358 1831 3406 Maroni
1850 3354 2065 3436 Hostium⁵

1283 3419 2064 3548 Patmfflmbfflffl.

1579 3570 1613 3617 4
1950 3563 2065 3613 591-

1714 1942 1814 1999 quia
