2372 4030
479 350 568 414 44
699 329 771 394 P.
837 327 1318 407 VIRGILII
1399 327 1915 391 MARONIS

487 501 684 563 Unde‘
699 519 805 580 per
820 517 929 573 'ora
949 519 1167 560 novem
1193 497 1354 558 vasto
1377 514 1517 558 cum
1545 517 1852 562 murmure
1869 496 2092 570 montis¹
2123 511 2126 514 ⁴

482 614 544 675 It
571 633 732 673 mare
751 627 1129 693 proruptum,
1150 627 1207 671 et
1226 611 1443 691 pelago
1463 613 1686 690 premit
1713 633 1849 671 arva
1869 611 2120 689 sonantis

487 723 618 785 Hic
645 739 843 783 tamen
871 722 973 780 ille
1003 722 1217 800 urbem
1249 719 1485 806 PatavI,
1517 721 1791 803 sedesque
1817 723 2038 793 locavit
2076 739 2079 741 ’

488 836 882 909 Teucrorum,
909 837 1163 917 et'genti
1193 856 1415 896 nornen
1441 837 1626 910 dedit,
1653 859 1933 918 armaque
1973 840 2111 900 fixit

489 936 712 1042 Tro²1‘÷1.;⁴
757 974 916 1033 nunc
946 954 1182 1032 placida
1211 952 1528 1033 conpostus
1554 972 1702 1043 pace
1729 951 1999 1033 quiescit.
2017 972 2133 1034 249

544 1107 642 1157 246.
664 1117 872 1162 proruptum
892 1108 1070 1148 defendit
1086 1106 1275 1147 Heinsius
1293 1106 1360 1145 hic
1380 1113 1420 1145 et
1439 1104 1548 1145 alibi.
1577 1105 1626 1144 cf.
1649 1105 1833 1159 inprimis
1844 1105 1896 1146 ad
1914 1105 2056 1147 Silium
2068 1108 2141 1165 111,

489 1183 561 1223 51.
620 1172 686 1211 Est
705 1172 795 1212 sane
817 1173 1010 1225 exquisita
1038 1186 1116 1211 vox
1134 1172 1211 1210 hoc
1239 1170 1364 1218 sensu,
1390 1183 1463 1223 pro
1477 1179 1717 1223 prorumpens.
1758 1170 1879 1210 multi
1901 1180 2142 1226 praeruptum,

492 1236 546 1294 cf.
569 1235 717 1275 Cerda.
741 1237 864 1281 etiam
895 1238 1054 1287 Fragm.
1074 1237 1207 1273 Vatic.
1238 1248 1261 1273 a
1279 1247 1339 1287 pr.
1361 1246 1416 1273 m.
1440 1243 1479 1273 et
1499 1247 1565 1287 ap.
1589 1236 1724 1273 Senec.
1748 1236 1830 1289 Q.
1853 1244 1935 1275 nat.
1953 1237 2076 1284 111,·c.
2089 1229 2142 1297 '17

492 1301 605 1356 quod
622 1300 712 1340 sane
726 1300 888 1340 defendi
903 1300 1041 1354 poss'et.
1071 1300 1123 1342 cf.
1144 1300 1226 1353 sup.
1255 1310 1304 1339 10
1306 1310 1345 1348 5.
1396 1308 1618 1353 praeruptum
1638 1299 1713 1341 Ed.
1732 1301 1841 1338 Ven.
1897 1303 1934 1339 in
1946 1317 2043 1340 mare
2053 1310 2144 1355 pro-

492 1373 636 1418 ruptum
657 1367 805 1404 Moret.
830 1379 886 1417 pr.
911 1375 949 1404 et
973 1367 1106 1404 Franc.

497 1564 810 1628 compluribus
847 1564 1193 1630 ingentibusque
1232 1581 1279 1612 a-

497 1646 685 1692 quarum
779 1630 982 1677 fontibus
1066 1629 1282 1692 erumpit,

498 1694 583 1757 qui
655 1694 807 1758 paullo
868 1696 963 1758 post
1026 1694 1074 1740 in
1110 1725 1113 1728 <
1141 1711 1283 1741 unum

498 1759 679 1805 alveum
711 1758 851 1805 delati
888 1759 1053 1805 flumen
1088 1759 1284 1813 faciunt,

498 1823 643 1886 quod,
720 1823 798 1869 ubi
851 1823 929 1869 vix
994 1822 1068 1872 M.
1144 1824 1286 1886 passus

502 1887 731 1934 emensum
790 1889 867 1944 est,
924 1889 1015 1934 lato
1071 1887 1183 1934 ostio
1236 1887 1286 1934 in

501 1968 628 2000 mare
696 1951 808 1999 exit.
925 1951 1086 1999 Fontes
1174 1951 1287 1999 olim

502 2015 651 2064 habiti
718 2017 819 2063 sunt
873 2031 1048 2073 πομπῆες
1115 2032 1171 2064 ex
1227 2015 1289 2063 iis

502 2081 762 2145 prorumpit
815 2096 928 2142 aqua
971 2098 1138 2144 magno
1179 2098 1285 2128 cum

500 2146 712 2209 fragore:
779 2148 899 2208 vesto
986 2166 1077 2193 cum
1172 2165 1285 2193 mur-

504 2230 621 2258 mure
693 2217 864 2267 monti53
928 2210 1163 2273 statimque
1237 2209 1287 2256 in

504 2290 650 2321 unum
699 2273 866 2321 flumen
911 2275 1100 2321 collecta
1154 2275 1289 2323 maris

505 2338 703 2402 speciem
746 2338 882 2386 refert
923 2339 1011 2385 late
1046 2355 1177 2402 agros
1218 2338 1288 2385 in-

507 2402 723 2450 undantis
742 2419 754 2449 z
791 2403 838 2449 It
855 2422 972 2450 mare
983 2416 1229 2466 proruptum
1251 2401 1291 2450 el

502 2467 655 2532 pelago
669 2472 824 2528 premit
843 2472 1149 2530 arvaftmznti.
1200 2469 1290 2514 La-

513 2532 606 2578 tius
630 2533 723 2577 haec
741 2531 953 2579 illustrata
973 2550 1016 2580 v.
1040 2532 1088 2578 in
1116 2532 1292 2578 Excur-

509 2595 563 2645 su
591 2596 649 2642 ad
679 2596 725 2643 h.
762 2614 807 2643 V.
873 2598 957 2644 Hic
991 2610 1148 2652 tamen,
1193 2596 1289 2643 noli

510 2660 678 2707 haerere
701 2661 758 2707 ad
781 2660 954 2707 fontem
978 2660 1194 2717 Timavi3
1219 2661 1294 2708 sed

513 2725 666 2779 latius,
681 2724 729 2771 in
751 2725 841 2772 oris
856 2725 928 2772 his
948 2724 1116 2771 littoris
1127 2725 1295 2772 Adria-

512 2789 617 2845 tici,
649 2801 694 2835 et
716 2789 919 2852 quidem,
957 2806 1059 2836 cum
1099 2790 1156 2835 ad
1187 2789 1294 2838 inti-

514 2870 613 2901 mos
645 2853 762 2901 finus
799 2854 979 2901 recess‘us
1014 2855 1292 2926 penetrasset,

514 2918 637 2967 inter
658 2917 913 2982 Euganeos,
947 2934 1029 2981 qul
1058 2928 1157 2965 tum
1192 2921 1290 2965 haec

514 2984 617 3031 loca
654 2982 884 3040 tenebant,
928 2982 1155 3029 Patavium
1215 2982 1294 3031 ille

515 3047 747 3106 condidit,
778 3060 822 3094 et
839 3055 960 3112 genti
985 3066 1126 3094 nomen
1146 3049 1291 3106 dedit,-

514 3122 563 3165 ,εἰ
603 3111 767 3175 quale?
816 3113 978 3160 dicunt
1016 3113 1294 3160 Antenorida-

513 3196 609 3224 rum
626 3195 641 3223 .·
677 3176 797 3241 apud
812 3182 965 3239 poetas
986 3176 1170 3240 utique3
1199 3193 1293 3224 non

516 3254 625 3292 vero
648 3242 834 3303 vulgare
866 3244 1048 3289 nomen.
1114 3239 1293 3289 sedVe-

515 3317 698 3352 netarum
716 3321 899 3361 nomen,
916 3304 1040 3368 quod
1060 3305 1201 3367 vulgo
1217 3304 1293 3366 vep'

516 3378 631 3419 teres
667 3369 724 3414 ab
755 3372 922 3417 Henetis
955 3368 1016 3415 Pa
1050 3369 1292 3433 hla'goniae,

513 3447 630 3494 quos
654 3433 875 3480 Antenori
900 3433 984 3481 viae
1006 3386 1150 3481 sdcios
1169 3433 1294 3482 fuisse

452 3505 459 3521 ²
517 3493 718 3555 aiebant,
767 3497 953 3546 dufium
990 3498 1073 3546 effe
1115 3499 1291 3562 volunt.

517 3562 719 3634 frenaque
722 3563 836 3625 fixit
856 3563 1007 3631 (Ποῖα,
1026 3578 1137 3628 pace
1163 3562 1225 3638 sc.
1248 3575 1296 3634 et

1223 1375 1314 1412 247.
1347 1364 1443 1401 urbes
1474 1363 1636 1403 Zulich.
1679 1366 1855 1416 fidemque
1882 1366 1975 1404 Exc.
2005 1367 2148 1410 Burm.

607 1439 699 1481 249.
732 1428 858 1468 ‘Troica
876 1437 958 1468 tres
975 1442 1038 1483 ap.
1060 1430 1199 1468 Burm.
1256 1444 1329 1468 cum
1339 1430 1480 1482 placida
1498 1444 1527 1467 c.
1539 1437 1582 1481 p.
1595 1431 1724 1481 quievx‘t
1743 1431 1909 1482 Meuag.
1930 1428 2045 1469 alter.
2142 1425 2147 1431 ⁵

1361 1564 1608 1628 tranquillo
1649 1564 1749 1612 otio
1803 1576 1931 1629 parto
1949 1584 1963 1621 ;
2020 1564 2146 1628 quod

1361 1630 1485 1676 suavi
1509 1646 1658 1676 rerum
1691 1629 1894 1693 imagine
1926 1630 2146 1685 reddidit,

1364 1695 1504 1758 petita
1537 1694 1617 1740 illa
1653 1694 1710 1740 ab
1749 1694 1826 1750 iis,
1859 1695 1938 1756 qui
1977 1693 2146 1742 militia·

1367 1758 1478 1806 miffi
1512 1775 1635 1805 arma
1665 1757 1980 1822 suspenderent
2012 1771 2059 1806 et
2092 1759 2148 1806 fi-

1369 1834 1544 1887 gerent.
1580 1823 1640 1872 cf.
1663 1823 1896 1886 'Pompom
1941 1822 2044 1871 Sab.
2087 1823 2148 1870 ad

1368 1889 1415 1935 h.
1451 1889 1485 1936 l.
1571 1888 1695 1936 Nunc
1728 1888 1901 1951 placida
1940 1887 2148 1952 compostus

1361 1966 1471 2017 pace
1507 1957 1703 2017 quiescit:
1757 1969 1847 2015 quo
1885 1954 2009 2000 sensu
2051 1953 2148 2000 haec

1368 2018 1490 2064 dieta
1527 2017 1629 2074 fint,
1659 2016 1866 2064 dubitare
1901 2016 2036 2074 licet3
2071 2027 2152 2066 aut

1369 2082 1491 2130 enim
1525 2082 1582 2128 de
1604 2090 1747 2128 morte
1781 2093 1858 2128 aut
1891 2082 1949 2128 de
1980 2081 2077 2129 otio
2103 2092 2154 2131 et

1370 2145 1716 2209 tranquillitate,
1740 2163 1828 2209 qua
1852 2147 2062 2194 Antenor
2078 2162 2151 2194 re-

1371 2211 1543 2274 liquam
1585 2211 1726 2258 vitam
1784 2210 1956 2276 exegit,
1999 2210 2150 2276 accipi

1370 2276 1541 2339 potest3
1576 2274 1625 2322 in
1650 2290 1841 2337 utroque
1862 2288 2011 2322 tamen
2045 2275 2153 2324 duri

1372 2339 1543 2402 aliquid
1564 2339 1688 2387 inest.
1754 2339 1869 2395 Sane
1888 2348 2065 2403 componi
2076 2340 2156 2402 ab:

1374 2403 1517 2450 solute
1580 2403 1749 2451 mortui
1809 2403 2044 2459 dicuntur,
2104 2416 2153 2454 et

1375 2467 1518 2515 iidem
1552 2473 1757 2533 quiescere.
1790 2468 1874 2516 inf.
1914 2468 2010 2524 IX,
2055 2485 2152 2537 445

1371 2533 1623 2596 placidaque
1642 2532 1704 2578 ibi
1718 2532 1876 2581 demum
1898 2547 2021 2593 morte
2040 2542 2153 2600 quie*

1375 2604 1461 2644 vit.
1494 2595 1586 2652 VI,
1624 2612 1708 2657 321
1754 2598 1925 2645 Sedibus
1948 2599 2158 2660 ¹utstzltem

1368 2661 1549 2724 plakzklzk
1578 2670 1621 2707 in
1643 2676 1767 2708 morte
1786 2665 2001 2726 quiescam.
2059 2662 2157 2712 Vess

1377 2726 1496 2772 neris
1562 2738 1711 2772 tamen
1766 2726 1990 2784 consilio,
2043 2722 2156 2777 duni

1376 2790 1532 2836 AEneae
1553 2789 1888 2838 calamitatibus
1911 2791 2158 2841 Antenoris

1375 2855 1608 2902 fortunam
1631 2853 1870 2902 secundam
1895 2855 2158 2920 comparare'

1375 2919 1491 2974 vult,
1513 2916 1686 2983 parum'
1709 2921 1989 2977 conveniret,
2010 2922 2157 2971 Ante-

1376 2983 1500 3034 noris
1521 2997 1685 3046 morfem
1714 2983 1928 3046 placidam
1958 2986 2158 3038 laudare.

1378 3051 1446 3094 At
1466 3049 1496 3094 fi
1520 3048 1577 3095 de
1598 3047 1762 3111 quietis
1798 3048 1993 3104 sedibus,
2026 3050 2159 3098 rebus⁸

1376 3111 1584 3175 placatis,
1629 3111 1725 3158 vita
1762 3114 2008 3176 tranquilla
2058 3114 2159 3180 agi-

1376 3187 1469 3233 tur,
1503 3187 1600 3223 tum
1623 3175 1714 3222 fere
1739 3195 1799 3223 res
1817 3180 2038 3242 compqsitae
2058 3179 2158 3227 me?-

1376 3252 1628 3295 morantur,
1676 3256 1767 3287 non
1810 3244 1889 3304 zpsi
1944 3241 2159 3300 homines}

1377 3316 1455 3352 aut
1492 3305 1524 3351 fi
1566 3306 1654 3353 hoc
1692 3306 1761 3361 fit,
1795 3318 1893 3353 tum
1932 3304 2160 3370 adjectum

1377 3369 1557 3432 aliquid
1599 3367 1783 3416 videas:
1817 3371 1882 3418 ad
1901 3383 2066 3434 pacem,
2098 3370 2168 3421 ad

1377 3436 1606 3496 modestiam
1626 3435 1715 3481 etc'.
1768 3435 1920 3499 Atque
1935 3433 2000 3482 ita
2014 3435 2158 3485 ‘etiam

1377 3497 1427 3544 in
1449 3497 1507 3544 iis
1528 3497 1630 3562 ipfis
1650 3498 1764 3547 locis
1783 3499 1852 3556 fit,
1876 3515 1977 3563 quae
1997 3498 2044 3561 h.
2073 3500 2108 3550 1.
2130 3507 2160 3549 a'

1378 3561 1640 3625 Burmanno
1659 3563 1920 3630 laudantur.
1985 3562 2162 3630 Dicenfj

2050 3695 2060 3703 ⁶
2114 3681 2155 3705 ..ἶ
