2294 4030
461 368 579 434 740
658 337 1253 410 P.v1RG1L11
1339 291 1847 399 MARole

463 511 784 596 Conspicit,
814 529 972 582 ecce,
1000 506 1145 568 alios
1171 503 1387 571 dextra,
1407 503 1678 580 laevaque
1704 487 2093 583 per-'herbaffi

462 625 778 694 VescentiS,
806 621 1128 695 laeturnque
1149 614 1331 674 choro
1349 611 1564 672 Paeana
1581 615 1876 688 canentis,-

461 740 621 799 Inter
646 734 957 794 odoratum
985 726 1132 786 lauri
1159 744 1367 784 nemus
1388 745 1406 782 ε-
1447 722 1610 781 unde-
1634 722 1890 802 superne·

463 847 758 910 Plurimus
781 836 1024 900 Eridani
1045 854 1151 914 per
1169 833 1376 892 filvam
1397 832 1657 891 volvitur
1674 834 1888 893 amnis.

465 961 589 1021 Hic
619 973 846 1023 manuS‚
884 949 962 1008 ob
1003 947 1265 1026 patriam
1294 944 1617 1024 pugnando
1654 945 1897 1023 volnera
1929 941 2098 1025 pasti-5

517 1143 611 1194 656.
641 1144 679 1182 C.
698 1152 779 1182 ante
796 1141 879 1180 alios
909 1135 1016 1177 Gud.
1047 1148 1122 1189 pro
1139 1133 1222 1176 div.
1264 1131 1355 1174 le&
1381 1143 1452 1187 per
1477 1131 1623 1172 herbam
1654 1127 1763 1171 Gud‘.
1802 1140 1843 1172 et
1882 1119 2096 1172 Montallu

466 1207 663 1256 ...μ-657.
695 1207 809 1245 choros
837 1202 939 1255 conj.
980 1199 1136 1247 Heius,
1174 1198 1241 1239 sed
1260 1200 1361 1239 choro
1389 1196 1565 1236 absolute
1594 1195 1750 1236 dietum
1763 1209 1855 1251 pro,
1888 1197 1930 1237 in
1951 1197 2092 1244 choro,

464 1269 629 1315 chorum
666 1267 857 1309 ducendo.
934 1267 1032 1306 choro
1079 1266 1254 1319 paenentis
1298 1261 1445 1315 fragm.
1487 1259 1623 1301 Vatic.
1662 1273 1687 1299 a
1715 1273 1771 1301 m.
1817 1260 2091 1315 lan—660⁴

458 1339 557 1395 pqffir
590 1335 739 1386 Bigot.,
785 1344 835 1371 ex
874 1331 1084 1383 interpret.

527 1489 793 1554 656—659.
863 1481 971 1532 Hoc
990 1501 1094 1532 cum
1112 1482 1230 1531 Axi·

465 1556 581 1602 ocho
603 1555 633 1601 l.
659 1570 699 1600 c.
718 1549 1085 1614 comparandum.
1136 1550 1231 1610 Ves-

464 1627 602 1674 centis,
660 1617 758 1680 quis
805 1617 890 1662 hoc
941 1625 1066 1679 putet
1125 1612 1230 1660 satis

464 1682 603 1745 digne
644 1682 737 1728 dici
781 1681 897 1745 poffe
936 1693 1035 1742 pro,
1079 1678 1230 1741 epulas

466 1746 772 1794 celebrantes!
842 1744 982 1791 iidem
1033 1744 1230 1791 ἀείδοντες

465 1813 739 1867 namlom,ut
755 1809 890 1857 Iliad.
930 1830 988 1872 χ,
1029 1824 1112 1869 391
1160 1808 1228 1853 A·

464 1876 605 1931 chivi,
638 1886 681 1922 et
723 1875 908 1938 quidem
931 1874 979 1919 in
1001 1883 1131 1936 grato
1151 1888 1229 1918 ne-

466 1954 608 1995 more,
627 1956 704 2003 per
729 1939 868 2001 quod,
906 1949 957 1983 ut
993 1935 1230 1983 amoenitas

465 2006 558 2052 loci
579 2006 717 2067 major
736 2003 856 2059 effet,
884 2000 1115 2048 descendit
1137 2018 1231 2047 am-

467 2069 553 2116 nis.
641 2069 811 2114 Amnes
845 2066 926 2113 sub
967 2078 1083 2113 terra
1125 2063 1232 2112 ferri

463 2133 657 2180 vidimus
670 2132 762 2194 jam
786 2132 961 2195 Georg.
990 2131 1100 2191 366.
1120 2134 1231 2194 367.

464 2198 693 2245 Eridanum
731 2208 879 2242 autem
909 2195 1030 2258 quod
1065 2194 1235 2258 potiffi-

465 2279 587 2309 mum
607 2261 814 2324 appellat,
858 2259 1056 2323 suspicor
1071 2259 1235 2307 fabulis

463 2332 717 2389 poetarum,
780 2324 860 2388 qui
921 2323 1236 2389 Argonautica

464 2390 751 2454 scripserunt,
789 2388 963 2443 deberi,
1003 2405 1029 2434 a
1071 2387 1236 2451 quibus

462 2455 593 2518 plura
616 2455 826 2502 videntur
842 2453 1042 2501 fabulose
1057 2453 1115 2500 de
1128 2452 1232 2500 Eri-

466 2520 585 2568 dano
608 2518 772 2576 tradita
803 2518 904 2572 esse,
937 2517 1056 2565 forte
1091 2517 1231 2564 etiam

464 2578 575 2639 hoe,
604 2582 725 2645 quod
757 2583 815 2629 ad
842 2583 945 2629 loca
978 2581 1055 2629 ille
1092 2581 1234 2629 infera

464 2647 674 2695 defertur.
699 2646 760 2694 cf.
785 2647 1003 2710 Apollon.
1027 2646 1118 2700 IV,
1138 2649 1228 2710 627

464 2711 530 2776 sq.
597 2710 744 2775 Eique
782 2712 846 2758 rei
875 2710 993 2758 ratio
1029 2711 1234 2774 affignari

464 2775 606 2840 potest
629 2788 673 2822 et
705 2775 837 2840 origo
876 2792 931 2822 ex
955 2791 1090 2839 prava
1110 2787 1230 2823 vete-

466 2856 564 2887 rum
588 2837 798 2903 opinione
814 2840 871 2887 de
892 2840 1120 2887 contrasta
1135 2840 1231 2887 Eu·

466 2919 583 2967 ropae
595 2903 947 2968 septentrionalis
957 2917 1002 2951 et
1018 2904 1232 2951 occiden-

468 2968 570 3015 talis
605 2968 781 3016 forma:
836 2986 935 3033 quae
975 2969 1234 3032 conjee'tura

465 3035 525 3081 est
546 3032 602 3079 de
622 3031 822 3081 Eridano
841 3034 1087 3081 admodum
1105 3045 1237 3082 acuta

465 3092 610 3145 Voffii
658 3098 715 3144 ad
759 3098 851 3147 Ge.
888 3098 931 3155 I,
973 3100 1062 3160 481
1114 3096 1233 3146 Not.

466 3155 591 3209 Nam
629 3161 734 3216 hoc,
778 3163 900 3226 quod
938 3164 998 3210 ad
1041 3160 1236 3210 inferum

467 3243 588 3280 mare
628 3225 795 3282 tendit,
832 3239 930 3283 aut.
971 3226 1099 3293 quod
1143 3243 1235 3274 non

467 3290 601 3353 longe
614 3305 640 3335 a
654 3290 855 3339 fontibus
867 3291 955 3340 suis
971 3292 1235 3340 cuniculum

466 3354 614 3400 subter
646 3366 808 3402 terram
843 3372 922 3421 per
958 3356 1054 3404 duo
1087 3355 1236 3404 millia

468 3418 611 3473 subit3
668 3422 846 3482 poe'tam
889 3420 1114 3468 adducere
1156 3420 1236 3469 vix

467 3483 635 3546 potuit,
654 3496 703 3529 ut
721 3485 778 3531 ad
798 3484 966 3534 inferos
999 3501 1102 3533 eum
1125 3485 1240 3533 rele-

466 3559 606 3611 garet.
662 3547 751 3602 Sed
770 3548 809 3597 is
825 3551 1035 3599 Eridanus
1035 3554 1238 3615 superne,

1313 1477 1360 1530 h.
1377 1497 1416 1529 e.
1434 1497 1491 1528 ex
1508 1474 1698 1537 editiore
1719 1479 1842 1535 Ioco,
1872 1477 2092 1536 volvitur,

1310 1547 1457 1601 venit,
1498 1545 1729 1608 plurimus;
1785 1544 1958 1591 dietum
2000 1545 2094 1591 ele-

1309 1623 1469 1675 ganter
1505 1611 1564 1656 ad
1608 1625 1817 1673 magnam
1873 1623 2093 1671 aquarum

1311 1675 1491 1740 copiam
1530 1674 1867 1738 dedignandam.-
1910 1673 2032 1720 conf.
2058 1673 2094 1721 Ἰ

1312 1741 1488 1804 Georg.
1521 1745 1630 1804 187.
1695 1738 1837 1802 Apud
1883 1736 2093 1787 Servium

1311 1805 1414 1870 sup,
1479 1805 1540 1850 ad
1605 1821 1649 1850 v.
1719 1808 1811 1864 603
1874 1800 2100 1852 Tantalus

1309 1879 1353 1918 in
1375 1871 1560 1917 Eridano
1580 1870 1815 1934 Inftrorum
1827 1871 1951 1928 stare
1987 1883 2092 1914 nar-

1312 1946 1434 1981 ratur
1452 1952 1466 1989 ;
1500 1950 1594 1998 quo
1613 1933 1786 1997 liquere
1809 1932 1990 1979 videtur
2005 1931 2094 1980 eti-

1313 2017 1386 2046 am
1421 1999 1480 2045 ab
1517 1998 1620 2046 aliis
1651 1996 1802 2061 poetis
1843 1996 2093 2045 Eridanum

1314 2063 1448 2111 fimili
1467 2063 1641 2110 ratione
1654 2060 1780 2109 fuisse
1799 2061 2093 2110 celebratum-

1316 2130 1412 2184 An,
1435 2129 1559 2191 quod
1579 2126 1802 2174 Eridanus
1817 2126 1997 2175 alterius
2013 2127 2092 2174 he-

1314 2191 1562 2257 misphaerii
1583 2191 1702 2239 fidus
1732 2192 1811 2245 est,
1856 2193 2012 2255 poe'tas
2033 2192 2093 2238 ad

1312 2258 1429 2305 hanc
1452 2258 1520 2304 rei
1541 2255 1844 2303 narrationem
1865 2256 1986 2303 forte
2006 2256 2096 2303 ad-

1313 2322 1448 2370 duxit
1467 2323 1485 2369 ?
1519 2321 1599 2368 Sin
1620 2321 1704 2370 hac
1726 2320 1977 2368 subtilitate
1990 2337 2095 2383 οης-

1314 2387 1428 2434 nino
1449 2386 1518 2433 vis
1533 2401 1702 2441 carere,
1724 2385 1996 2449 sequendum
2011 2385 2097 2442 est,

1315 2451 1440 2516 quod
1471 2450 1590 2499 inter
1615 2448 1828 2500 Serviana
1857 2449 2060 2500 occurrit
2077 2466 2095 2498 ε

1313 2528 1349 2548 “
1375 2515 1476 2566 Alii
1498 2515 1752 2563 Eridanum
1783 2532 1868 2579 pro
1888 2531 2097 2579 quocun-¹

1313 2597 1400 2650 que
1423 2580 1677 2655 accipiunt,
1713 2591 1760 2627 et
1782 2579 1944 2638 dicunt
1986 2576 2099 2629 κατ’

1314 2648 1467 2710 ἐξοχὴν
1488 2646 1690 2699 ἀιθωηι,
1723 2660 1828 2692 nam
1850 2642 2046 2708 legimus
2067 2645 2094 2693 1

1316 2713 1409 2760 Ge.
1446 2714 1540 2774 482
1578 2709 1830 2757 Fluviorum
1865 2710 1960 2757 Rex
1989 2710 2096 2759 Eri«

1313 2779 1464 2825 danus.
1532 2775 1594 2822 Et
1637 2785 1790 2822 amant
1829 2779 1984 2839 poetae.
2009 2791 2102 2840 pro

1314 2837 1616 2906 appellatione
1636 2854 1803 2904 ponere
1825 2855 2004 2903 magnae
2028 2843 2095 2902 (et

1315 2906 1364 2955 in
1378 2904 1457 2953 suo
1472 2920 1635 2970 genere
1647 2903 1887 2968 praeclarae)
1908 2903 1972 2952 rei
1987 2903 2096 2969 pro·

1317 2970 1576 3034 prietatem,
1638 2980 1689 3016 ut
1732 2968 1757 3014 I
1799 2966 1980 3035 Georg.
2025 2984 2098 3033 9}

1307 3033 1459 3098 pocula
1479 3033 1694 3083 Acheloia.
1713 3035 1741 3055 ”
1797 3034 1970 3082 Verum
1992 3035 2097 3085 Ena

1304 3102 1476 3148 'danum
1489 3114 1572 3164 pro
1586 3109 2004 3163 quocunqueamne
2021 3113 2104 3147 ac⁴

1306 3160 1476 3228 'cepisse
1514 3178 1695 3226 quoque
1738 3161 1918 3212 videtu-r
1945 3160 2096 3212 Cal-li-

1316 3229 1464 3276 mach.
1483 3227 1646 3292 fragm.
1657 3243 1706 3291 p.
1727 3243 1786 3293 47
1795 3243 1819 3290 3
1839 3243 1865 3274 e
1876 3226 2096 3277 Straboni

1315 3292 1667 3421 ΙΧόἕᾹ-Ξέὃὸἱςι
1704 3354 1856 3404 Locus
1896 3326 1957 3404 de
1995 3351 2106 3421 pi'oe

1316 3437 1419 3470 rum
1440 3419 1575 3468 turba
1600 3436 1632 3468 e
1661 3419 1986 3478 nobilioribus,
2029 3434 2099 3483 et,

1314 3502 1448 3549 quem
1471 3502 1498 3533 a
1515 3484 1800 3558 generosiore
1828 3484 1985 3534 animo
2016 3483 2101 3546 viare

1315 3563 1428 3615 puto
1443 3540 1542 3616 legi
1565 3547 1705 3616 poffe,¹
1723 3545 1836 3615 qui-'n
1853 3545 2106 3603 incalescat
2165 3585 2168 3586 γ

2051 3623 2104 3663 a

2266 3143 2281 3190 ’,Ν
2259 2726 2294 3134 ι’·ϊᾺἼΗὟΜΫ-Ψέρῖΰκῆ
2272 2660 2290 2714 „gu-
2275 2619 2286 2646 nza
2281 2597 2285 2603 .
2275 2574 2277 2576 ¹
2277 2531 2286 2538 ς

2287 3420 2294 3570 ὡ-..η-Η--

2266 3580 2294 3645 lm„
