2294 4030
633 290 784 359 ΑΙ)
856 293 1338 373 LIBRUM
1406 298 1511 360 VI.
1789 303 1897 378 805

1607 394 1623 416 0

255 448 497 525 Admoviffl
519 459 684 522 Jovem
705 463 868 518 terr1‘53
901 460 1007 509 male
1029 462 1228 526 fulmina
1235 464 1356 529 fingi
1378 463 1524 527 Sensit,
1555 473 1597 510 et
1618 461 1800 523 immiſjo's
1820 462 1892 522 ig-

252 541 460 599 nessteper
481 537 563 599 ipse
568 539 770 599 sequutus
787 535 933 584 Morte
947 535 1114 599 Jovem
1130 539 1300 584 didicit.
1358 536 1570 600 (Durum
1591 535 1637 583 in
1660 534 1730 583 his
1755 532 1891 580 verfi-

253 608 357 664 bus,
391 611 515 674 quod
539 609 686 658 caelum
707 614 904 659 imitatur
920 615 966 659 in
982 611 1094 666 orbe,
1127 612 1176 660 in
1194 612 1345 660 terris.
1414 612 1489 659 An
1523 611 1558 659 f.
1582 616 1629 658 in
1662 609 1758 659 orbe
1775 609 1889 655 Pon-

249 682 360 732 tibur
375 687 552 750 impqfito
565 689 594 732 ι’
629 695 680 732 ut
695 684 753 732 de
777 683 989 732 machina
1011 691 1174 740 aeruca,
1191 686 1380 741 lamina,
1404 702 1495 750 qua
1516 685 1564 733 in
1588 682 1771 732 dimidii
1793 681 1887 730 ci'r-

249 747 343 804 culi
367 757 555 806 modum
597 773 711 829 pons
749 757 959 805 instratus
998 763 1130 807 erat?
1199 760 1277 808 Ad
1316 777 1360 808 v.
1401 776 1461 824 97
1486 759 1536 813 in
1559 758 1727 806 Manil.
1761 757 1885 810 loco,

232 829 429 892 fidmina
435 835 574 897 fingi.
621 832 684 880 c'f.
724 833 1036 897 Cannegieter
1061 835 1190 882 Obff.
1217 836 1317 899 Jur.
1342 853 1390 898 p.
1433 850 1545 883 210.
1612 834 1766 893 Aliter
1786 848 1886 880 rem

249 911 499 959 traftarant
520 904 617 958 alii.
651 927 700 957 v.
725 910 1000 974 Apollodor.
1025 912 1070 966 I,
1097 930 1147 976 9,
1171 927 1221 976 7,
1248 914 1335 977 (cf.
1358 913 1477 962 Not.
1502 930 1547 975 p.
1575 911 1686 976 146)
1699 910 1775 958 ubi
1789 909 1886 974 pel-

247 982 307 1032 les
323 989 574 1042 induratas,
605 986 768 1049 βῦςσας
787 988 1092 1049 ἐξὴξαμμένας,
1124 1008 1212 1036 cum
1237 988 1434 1036 lebetibus
1458 1005 1517 1036 ex
1549 1004 1685 1035 curru
1705 985 1884 1050 suspen·

247 1060 314 1108 sas
337 1078 423 1126 per
441 1062 582 1111 solum
627 1063 809 1110 trae'tat.
878 1063 1104 1127 Agnoscis
1142 1064 1378 1111 luxurians
1416 1067 1658 1128 poetarum
1701 1075 1883 1110 veteres

243 1133 422 1183 fabulas
445 1137 705 1185 ornantium
727 1136 983 1201 ingenium.
1052 1138 1205 1186 Aliter
1242 1152 1430 1187 ornatur
1452 1140 1608 1186 fabula
1630 1138 1751 1202 apud
1778 1138 1884 1186 Ser-

243 1209 374 1258 vium
395 1210 455 1259 ad
470 1213 519 1260 h.
542 1213 576 1260 l.
644 1211 783 1260 Adde
805 1211 1006 1260 Diodor.
1030 1212 1079 1259 in
1106 1214 1223 1261 Exc.
1244 1213 1373 1265 Virt.
1410 1231 1457 1277 p.
1502 1214 1612 1278 546.
1683 1213 1882 1260 Acceffit

242 1287 432 1333 tandem
468 1301 513 1335 et
555 1286 687 1340 illud,
722 1286 882 1334 urbem
923 1287 1214 1334 Salmoneam
1251 1287 1310 1334 ab
1344 1303 1400 1334 eo
1431 1288 1662 1334 conditam
1688 1285 1882 1334 fulmine

184 1368 186 1370 ’
242 1362 541 1426 conflagrasse
564 1378 640 1425 ap.
666 1359 886 1424 Apollod.
909 1362 942 1408 l.
967 1377 1012 1408 c.
1051 1376 1098 1408 et
1122 1362 1273 1410 Notas
1297 1379 1345 1425 p.
1389 1362 1495 1424 146.
1564 1361 1784 1409 Notabile
1807 1373 1881 1408 ta-

240 1451 349 1484 men
389 1438 494 1492 h'oc,
526 1436 651 1500 q'uod
690 1435 917 1500 Virgilius
957 1435 1120 1483 maluit
1159 1437 1452 1484 Salmoneum
1489 1435 1694 1489 laudare,
1740 1452 1881 1498 quam

239 1509 506 1565 Remulum,
558 1510 845 1557 Albanorum
890 1526 1072 1573 regem,
1128 1511 1282 1558 fimilis
1322 1510 1575 1575 impietatis
1621 1527 1766 1557 reum.
1825 1527 1879 1558 v.

240 1585 403 1634 Vic‘tor
435 1587 498 1633 O.
527 1586 592 1632 G.
637 1586 698 1631 R.
739 1589 793 1632 18
832 1596 879 1631 et
902 1582 968 1631 ibi
994 1583 1112 1632 Not.
1139 1584 1334 1648 Dionys.
1360 1585 1400 1637 I,
1438 1601 1516 1648 71.
1584 1584 1770 1631 Scilicet
1791 1584 1877 1631 ob·-

238 1660 449 1709 scurioris
471 1660 548 1707 hic
571 1672 672 1707 erat
704 1658 939 1714 nominis;
995 1667 1042 1706 et
1086 1665 1225 1720 poeta
1258 1660 1433 1708 fabulas
1471 1659 1631 1707 melius
1669 1659 1827 1706 laudat
1850 1675 1878 1706 e

239 1736 411 1784 Graeca
433 1735 727 1800 antiquitate,
761 1751 901 1799 quam
925 1751 984 1782 ex
1007 1735 1219 1782 Romana
1240 1754 1250 1782 z
1288 1736 1459 1799 quippe
1485 1752 1584 1798 quae
1607 1747 1692 1781 nec
1713 1751 1875 1798 parem

233 1811 553 1860 aufioritatem
577 1827 663 1858 nec
685 1810 887 1875 gratiam
907 1822 985 1856 aut
1008 1810 1290 1857 venustatem
1314 1811 1500 1856 habent.

302 1887 535 1935 Caeterum
579 1884 748 1933 divinis
793 1884 1062 1939 honoribus,
1102 1901 1214 1948 quos
1258 1883 1615 1947 imperatoribus
1655 1881 1871 1930 adulandi

232 1962 427 2010 studium
450 1961 632 2016 detulit,
664 1960 921 2008 obtrectare
944 1960 1013 2006 his
1038 1959 1238 2006 verfibus·
1267 1959 1453 2023 poetam
1476 1961 1570 2021 stne
1609 1957 1731 2003 dubio
1765 1973 1873 2019 pro-

226 2036 409 2085 nuntiat
432 2037 527 2101 Jos.
549 2037 819 2083 Wartonus.
883 2034 1120 2082 Infinitum
1144 2035 1268 2087 effen,
1314 2034 1346 2080 fi
1368 2033 1528 2080 firniles
1560 2034 1874 2095 interpretum

230 2113 436 2177 argutias
454 2126 715 2160 enumerare
736 2109 902 2156 vellem
924 2125 1081 2156 omnes
1100 2128 1114 2164 ;
1138 2108 1295 2171 itaque
1313 2108 1659 2170 praetermittere
1669 2108 1872 2170 plexum-

230 2204 322 2252 que
345 2186 489 2235 soleo.
552 2184 659 2239 Sed,
692 2183 723 2230 fi
746 2182 881 2230 semel
904 2181 961 2229 ad
978 2183 1076 2230 haec
1094 2181 1365 2229 descendere
1384 2181 1519 2234 velis,
1541 2198 1629 2227 non
1655 2193 1746 2227 tam
1782 2183 1871 2229 hoc

233 2262 406 2327 quoda
422 2259 632 2308 Maronis
655 2271 789 2306 aetate
813 2256 960 2305 adhuc
1002 2257 1200 2304 alienum
1236 2268 1353 2310 erat,
1387 2271 1523 2318 quam
1563 2255 1714 2316 potius
1758 2255 1872 2303 illud

227 2337 510 2386 monendum
537 2346 668 2381 erat:
722 2333 793 2380 vel
836 2349 893 2379 ex
918 2333 1005 2380 hoc
1029 2332 1133 2380 loco
1171 2330 1277 2378 satis
1301 2342 1475 2392 patere,
1508 2329 1657 2377 divini
1686 2331 1871 2379 honoris

225 2409 499 2460 conferendi
514 2424 698 2456 >morem
721 2407 836 2454 nihil
857 2422 1100 2455 commune
1135 2405 1335 2453 habuisse
1360 2421 1466 2451 cum
1489 2404 1779 2466 opinionibus
1810 2407 1871 2453 de

226 2484 388 2534 divina
410 2495 592 2537 natura,
625 2482 910 2544 deorumque
932 2482 1119 2530 numine
1135 2500 1149 2538 ;
1182 2480 1307 2545 quod
1321 2481 1464 2543 vulgo
1488 2490 1665 2541 putant.
1734 2479 1871 2527 Civi-

226 2560 283 2609 lis
300 2561 377 2608 seu
398 2558 591 2625 politica
613 2569 714 2605 erat
750 2556 990 2611 institutio,
1025 2574 1131 2606 cum
1166 2555 1350 2604 summis
1391 2554 1587 2618 aliquem
1620 2554 1868 2602 honoribus

227 2638 408 2686 afficere
447 2634 637 2687 vellent,
672 2631 1046 2696 quandoquidem
1087 2633 1165 2680 ille
1190 2633 1364 2679 summo
1387 2630 1508 2677 inter
1529 2630 1744 2676 mortales
1767 2643 1867 2679 erat

225 2714 348 2767 loco,
383 2710 591 2774 adeoque
613 2708 745 2763 nihil,
779 2709 901 2772 quod
927 2708 1116 2772 quidem
1146 2708 1394 2755 humanum
1430 2704 1552 2756 effet,
1587 2702 1695 2749 addi
1731 2716 1866 2766 pote·

225 2801 317 2842 rat,
350 2799 400 2834 ut
421 2786 645 2832 honorem
661 2780 800 2830 modo
824 2782 883 2829 ab
905 2783 1098 2830 heroum
1119 2782 1279 2829 ordine
1304 2778 1444 2845 modo
1480 2793 1507 2824 a
1544 2776 1735 2824 deorum
1756 2777 1864 2826 loco

225 2873 276 2910 et
298 2859 484 2918 nomine
503 2869 714 2922 peterent
728 2875 743 2913 3
778 2857 891 2905 nihil
916 2857 1114 2922 amplius
1139 2874 1194 2904 ea
1214 2874 1261 2903 1e
1283 2855 1534 2919 quaefitum.
1569 2853 1634 2900 cf.
1659 2853 1860 2914 Dionys.

222 2937 296 2991 11,
318 2934 398 3000 56.
434 2932 624 2980 Sueton.
647 2930 740 2992 Jul.
764 2933 843 2978 88.
882 2932 1113 2980 Plutarch.
1155 2932 1221 2978 T.
1249 2931 1316 2983 II,
1341 2946 1387 2992 p.
1418 2941 1513 2974 210
1538 2926 1604 2972 D.
1671 2926 1748 2973 De
1770 2929 1860 2975 hu-

217 3008 294 3076 Jus
316 3008 463 3075 igitur
484 3007 695 3060 honoris,
728 3006 811 3069 qui
850 3006 982 3054 nobis
1005 3007 1124 3054 adeo
1158 3004 1352 3052 insolens
1390 3001 1570 3048 videtur
1603 3001 1706 3054 effe,
1741 3001 1790 3048 vi
1813 3013 1862 3050 et

218 3085 481 3152 significatu
503 3097 641 3131 nemo
663 3080 797 3129 facile
819 3080 1033 3128 dubitare
1052 3093 1130 3128 aut
1147 3077 1482 3144 philosophicas
1500 3086 1547 3121 et
1571 3075 1857 3139 theologicas

221 3160 432 3210 notiones
447 3173 554 3205 eum
571 3172 628 3203 eo
647 3156 822 3204 honore
840 3155 1123 3219 conjungere
1146 3153 1313 3218 potuit.
1380 3150 1529 3201 Iidem
1550 3149 1638 3203 illi,
1671 3150 1748 3213 qui
1770 3151 1859 3198 ho-

222 3251 358 3285 nores
379 3232 562 3281 divinos
585 3231 767 3295 magnis
791 3230 904 3278 viris
939 3232 1014 3278 vel
1035 3229 1297 3296 potentibus
1335 3224 1622 3278 deferebant,
1655 3241 1861 3289 agnove-

220 3317 332 3358 runt⁴
345 3306 636 3370 impietatem
650 3305 701 3353 in
720 3321 795 3360 eo,
829 3305 904 3369 qui
931 3306 1048 3368 Jovi
1082 3304 1126 3353 se
1161 3303 1413 3352 assimulare
1435 3299 1592 3353 vellet,
1628 3309 1678 3346 ut
1699 3298 1749 3346 in
1767 3299 1856 3348 hac.

219 3384 316 3451 ipsa
338 3383 398 3431 de
420 3381 667 3430 Salmoneo
690 3380 844 3430 fabula
866 3391 1013 3445 patet.

288 3587 435 3641 Tou.
469 3589 542 3638 11.
1045 3599 1070 3650 3
1109 3582 1152 3636 E
1601 3575 1866 3634 exeun,-
