2294 4030
479 303 488 312 ·
542 288 1106 362 ·AENE1DOS‚‘
1161 286 1513 350 natvs.
1730 286 1865 375 7693·

234 449 448 527 Tuque
474 448 658 529 prior,
695 463 759 509 tu
785 467 983 527 parce,
1009 467 1193 528 genus
1218 446 1325 526 ¹qui
1355 445 1524 510 ducis
1552 444 1861 526 Olymp03

1748 554 1863 635 836

235 556 478 640 lijice
497 558 614 616 tela
642 579 842 630 manu,
885 559 1118 638 sanguis
1149 577 1338 617 meus·

235 671 349 732 llle
376 671 741 748 triumphata
769 672 1064 750 Capitolia
1089 671 1164 730 ad
1192 672 1313 730 alta
1340 670 1629 731 Corintho

235 784 442 859 Victor
467 797 605 862 aget
633 802 889 855 currum,
930 782 1091 842 caefis
1130 782 1374 864 infignis
1395 781 1668 846 Achivis,

293 975 389 1026 836.
416 978 567 1032 sanguis
581 981 666 1033 pius
699 991 746 1017 ex
766 977 983 1017 Rufiniano
1002 978 1051 1018 de
1067 978 1223 1018 Schem.
1255 979 1375 1020 Dian.
1398 992 1439 1032 p.
1465 978 1515 1028 36
1537 977 1620 1031 (ed.
1639 977 1802 1018 Ruhnk.
1826 990 1870 1030 p.

241 1038 339 1095 267)
364 1041 448 1093 jam
470 1044 546 1082 Ge.
564 1042 763 1082 Fabricius
780 1042 981 1091 laudavit3
1009 1043 1288 1098 necydubitovi
1301 1057 1345 1082 ac
1363 1043 1553 1097 potestate
1573 1041 1775 1082 sententiae
1794 1040 1870 1080 effe

237 1102 563 1154 praeferendum3
595 1105 663 1144 etsi
697 1105 934 1144 Rufinianus
952 1106 993 1144 in
1019 1106 1348 1158 interpretatione
1377 1108 1552 1159 argutias
1583 1115 1729 1159 captat,
1760 1105 1869 1159 quast

239 1172 368 1222 poeta
395 1169 501 1209 tefie
522 1171 721 1209 Caesarem
742 1171 967 1223 vituperare
996 1170 1184 1218 voluerit,
1220 1184 1312 1210 cum
1338 1171 1466 1211 dicere
1496 1171 1700 1211 manifeste
1725 1184 1870 1224 parum

240 1241 376 1273 tutum
397 1233 517 1273 effett
547 1238 649 1275 Nam
655 1235 771 1288 fimul
785 1235 934 1290 cauſj'am
948 1235 1029 1273 belli
1048 1236 1166 1274 civilis
1186 1236 1324 1288 qstendit
1336 1238 1371 1275 in
1392 1237 1658 1293 Caesarefuffl,
1672 1239 1754 1276 dum
1772 1237 1874 1280 dicit.

238 1298 418 1351 priorem
436 1299 534 1338 illum
553 1299 673 1338 debere
682 1310 832 1353 parcere
848 1315 858 1347 ς
874 1300 988 1352 stmul
997 1299 1141 1338 dolorem
1154 1302 1299 1356 confffz
1320 1302 1392 1351 (an
1412 1317 1449 1341 re
1464 1303 1607 1357 confefflz
1620 1305 1644 1341 Ρ
1673 1314 1767 1340 nam
1783 1302 1873 1341 sen-

178 1374 179 1377 ’
238 1364 328 1404 sus:
367 1374 412 1404 ut
429 1363 500 1417 ipfi
521 1364 667 1404 Caesari
686 1364 776 1403 talis
789 1365 972 1404 confeffio
992 1365 1256 1418 exprimatur)
1288 1378 1321 1405 et
1335 1369 1369 1405 in
1380 1366 1512 1419 judicio
1523 1368 1588 1421 suo
1603 1371 1748 1421 quaerit,
1774 1377 1870 1408 tam-

242 1442 349 1482 quam
379 1428 450 1466 ideo
475 1438 626 1481 parcere
655 1427 767 1479 prior
795 1429 933 1475 debeat,
964 1432 1047 1482 quia
1062 1431 1117 1480 stt
1134 1430 1303 1484 Anchisae
1330 1430 1417 1482 pius
1431 1430 1588 1482 sanguis
1605 1443 1638 1470 et
1656 1432 1701 1471 ab
1729 1434 1870 1487 ogympo

237 1505 350 1545 genus
386 1492 508 1530 ducat.

618 1490 710 1536 838.
753 1507 881 1531 currus
914 1492 1033 1531 multi
1065 1507 1127 1545 ap.
1172 1493 1304 1532 Heius.
1339 1503 1379 1533 et
1410 1495 1562 1542 Burm.,
1591 1496 1723 1534 minus
1751 1496 1870 1538 bene.

240 1566 383 1595 currum
399 1553 553 1594 Medic.
578 1567 735 1607 quoque
750 1555 942 1608 agnoscit,
960 1568 1031 1594 nec
1047 1569 1127 1595 non
1143 1558 1263 1597 Rom.
1290 1570 1380 1597 cum
1392 1558 1585 1598 Arufiano
1605 1559 1747 1600 Messe.

243 1712 407 1771 vqscera
428 1711 608 1769 dextra3
641 1723 686 1759 et
709 1728 752 1758 v.
781 1716 806 1760 8
813 1728 837 1773 3
845 1730 869 1776 5
891 1711 1024 1760 Statii

245 1773 397 1822 Theb.
437 1774 530 1830 III,
565 1792 590 1822 z
598 1792 657 1838 39
701 1796 779 1823 vos
814 1797 834 1824 o
858 1781 1022 1841 superi,

243 1857 352 1885 meus
367 1841 507 1886 ordine
509 1843 705 1910 sanguis,
760 1840 827 1886 Ne
835 1855 1023 1905 pugnate

244 1904 360 1949 odiis.
394 1921 441 1951 v.
489 1905 656 1952 Cerda.
711 1904 879 1951 Versus
910 1909 1019 1970 835.

247 1967 340 2027 836
363 1967 421 2014 ad
437 1968 722 2016 clementiam
745 1968 932 2030 Caesaris
956 1987 1019 2016 re-

245 2030 411 2079 ferunt.
476 2033 577 2079 Cur
604 2034 826 2080 Caesarem
858 2034 1022 2096 potiffi-

247 2111 374 2143 mum
395 2097 607 2161 appellet,
641 2098 786 2144 cauffa
804 2098 938 2145 allata
961 2100 1021 2146 est

246 2159 297 2207 in
330 2160 419 2208 hoc
452 2161 550 2225 ipso
572 2178 583 2208 :
633 2183 763 2228 genus
829 2171 874 2210 ui
913 2166 1023 2210 ducis

247 2224 437 2288 Olympo,
493 2225 553 2273 sc.
609 2242 688 2290 per
741 2226 795 2272 Iu
817 2244 892 2275 um
946 2228 1021 2274 seu

245 2288 508 2337 Ascanium.

209 2408 219 2418 .,
315 2357 584 2418 837—841.
618 2353 725 2402 Duo
743 2353 890 2402 versus
913 2358 1021 2430 837.

233 2420 342 2480 ⁴838
376 2419 435 2466 ad
458 2419 515 2466 L.
538 2419 819 2467 Mummium
853 2420 1022 2466 Achai-

248 2498 356 2529 cum
370 2484 606 2546 pertinere,
621 2484 820 2531 dubitari
836 2485 992 2546 nequit
1009 2503 1022 2540 ;

248 2561 394 2658 :iiiiii
405 2548 756 2660 agrzliffiupgss
764 2549 1026 2675 pilItopI-girg

251 2674 534 2732 sententiam,
581 2677 662 2740 qui
699 2688 847 2723 toturn
871 2678 1023 2724 locum

249 2755 294 2786 v.
320 2741 564 2805 837--841
611 2744 668 2787 ad
708 2741 927 2788 Caesarem
959 2757 1027 2788 re-

250 2803 475 2853 trahebat.
565 2806 807 2870 Repugnat
841 2805 913 2853 ille
935 2806 1024 2862 ille,

249 2880 297 2915 et
328 2870 589 2934 triumphata
612 2870 854 2926 Corinthus,
890 2882 934 2916 et
957 2886 1025 2916 re-

249 2932 392 2996 liqna.
451 2933 745 2995 ¹Mummium
768 2947 916 2981 autern
939 2950 1023 2997 po-

252 2996 464 3046 tiffimum
486 3007 809 3045 commemorat
826 3014 916 3045 non
935 3011 1027 3045 tam

254 3059 501 3124 insigniore
522 3062 676 3126 aliquo
696 3061 817 3109 inter
846 3075 1028 3109 caeteros

251 3141 443 3188 magnos
483 3125 631 3178 virosa
657 3126 837 3182 merito,
892 3143 1028 3189 quam
1061 3164 1064 3170 s

252 3192 376 3252 quod
411 3190 610 3246 Achivos,
660 3190 865 3244 Graecos,
910 3191 1030 3237 bello

254 3254 465 3303 Achaico
483 3255 709 3310 conscelo,
746 3254 1028 3329 profligavit,

253 3332 302 3368 re
324 3321 382 3367 ad
421 3319 618 3368 hominis
643 3318 841 3381 Trojani‘
856 3318 1027 3365 sensum

253 3395 398 3445 grata.
438 3403 442 3412 ²
465 3385 533 3431 At
553 3382 633 3447 qui
653 3383 728 3430 vss'.
753 3379 1026 3447 ’sequuntun

252 3444 467 3513 ad‘quem
487 3462 544 3496 ex
583 3446 801 3500 Romanis
829 3445 1029 3519 ducjbuss

1105 1713 1328 1761 referendi
1345 1713 1446 1769 sint,
1490 1713 1722 1762 obscurum
1744 1714 1872 1761 vide·

1105 1790 1194 1826 tur.
1262 1779 1339 1824 Ad
1362 1778 1550 1824 eundem
1588 1779 1867 1825 Mummium

1103 1858 1160 1888 ne
1203 1843 1381 1898 referas,
1428 1844 1498 1888 vel
1534 1844 1581 1889 τὸ
1616 1842 1875 1890 Ille-inter-

1102 1907 1245 1962 cedit,
1287 1908 1409 1970 quod
1428 1906 1652 1954 diversum
1677 1908 1872 1970 aliquem

1101 1971 1317 2035 defignat.
1417 1970 1598 2017 Veteres
1654 1970 1875 2032 Pyrrhum

1102 2034 1233 2098 Epiri
1258 2036 1315 2081 R.
1361 2035 1521 2098 respici
1564 2035 1875 2091 crediderunt,

1102 2116 1129 2145 a
1166 2100 1312 2146 Curio
1345 2113 1389 2147 et
1435 2099 1645 2147 Fabricio
1685 2099 1871 2154 vietum,

1103 2163 1183 2226 qui
1203 2165 1251 2211 in
1268 2178 1374 2211 noto
1390 2164 1527 2211 Ennii
1542 2164 1665 2211 versu
1681 2166 1874 2212 AEczcides

1103 2228 1266 2283 dicius,
1319 2246 1423 2276 nam
1477 2245 1617 2292 genus
1675 2229 1751 2275 ille
1815 2230 1874 2276 ab

1081 2332 1083 2336 .
1105 2293 1288 2340 Achille
1310 2305 1353 2338 et
1374 2296 1519 2343 AEaco
1542 2293 1734 2341 ducebat
1754 2311 1765 2347 3
1799 2293 1874 2340 sed

1105 2358 1276 2421 reliqua
1294 2358 1342 2403 in
1373 2359 1442 2404 his
1474 2359 1597 2404 verss'.
1632 2370 1877 2405 memorata

1104 2421 1153 2468 in
1175 2438 1276 2468 eum
1295 2438 1386 2469 non
1404 2423 1602 2477 cadunt;
1626 2422 1743 2468 unde
1762 2439 1875 2468 vana

1107 2485 1300 2548 Virgilii
1341 2486 1616 2550 reprehensio
1656 2498 1761 2532 nata
1798 2502 1876 2549 ap.

1108 2551 1230 2597 Gell.
1281 2552 1340 2606 X,
1400 2552 1473 2598 16.
1561 2550 1770 2613 Iniquior
1813 2551 1877 2597 est‘

1106 2613 1520 2662 Grammaticorum
1533 2614 1733 2661 striclura
1754 2614 1875 2678 apud.

1108 2678 1322 2742 Pompon.
1348 2679 1450 2726 Sab.
1496 2681 1585 2726 Hoc
1604 2698 1767 2726 carmen
1790 2692 1874 2741 pu-

1106 2757 1200 2790 tant
1218 2765 1240 2791 e
1259 2757 1376 2791 textu
1396 2743 1606 2790 delendum
1627 2743 1699 2805 cffi
1722 2760 1736 2797 ;
1774 2762 1875 2790 nam

1110 2807 1307 2871 Virgilius
1334 2808 1482 2870 procul
1498 2807 1617 2854 dubio
1641 2808 1691 2867 st
1711 2814 1872 2853 correx-

1105 2875 1207 2935 fft‚
1216 2874 1365 2935 fitqffet
1392 2885 1622 2918 exemturus
1640 2888 1654 2925 ;
1693 2871 1772 2932 nfi
1790 2871 1876 2917 ali-

1106 2938 1207 2999 quid
1222 2939 1453 2998 adspexerit
1474 2935 1584 2982 nobis
1614 2939 1874 3005 incegnitum.

1109 2999 1320 3048 Minimae
1355 2999 1641 3046 difficultates
1680 3002 1797 3053 lunt,
1840 2999 1878 3047 fi.

1107 3081 1210 3110 cum
1229 3063 1336 3109 viris
1373 3063 1516 3110 doc'tis
1538 3064 1655 3125 apud
1678 3063 1876 3110 Cerdam

1108 3128 1222 3175 etad
1246 3128 1369 3178 Gell.
1393 3127 1424 3174 l.
1448 3143 1490 3175 e.
1548 3126 1604 3174 L.
1635 3126 1876 3174 AEmilium

1111 3191 1311 3239 Paullum
1330 3190 1473 3238 Persei
1487 3191 1700 3237 viflorem
1721 3189 1882 3241 AEneae,

1109 3255 1166 3302 ab
1191 3254 1389 3301 Anchise
1409 3255 1578 3302 ostendi
1595 3267 1735 3318 putes.
1780 3254 1875 3301 Co-

1109 3319 1346 3383 gitandum
1383 3330 1548 3374 autem,
1590 3335 1669 3365 nos
1691 3317 1738 3364 in
1759 3317 1877 3364 vati-

1108 3383 1234 3430 cinio
1287 3381 1447 3429 versari
1467 3401 1481 3439 ;
1547 3397 1692 3445 neque
1743 3382 1877 3436 adeo,

1110 3446 1233 3511 quod
1251 3445 1300 3495 in
1317 3446 1451 3495 sacris
1483 3445 1744 3508 Judaeorum
1763 3445 1879 3557 νῖτί-

1832 3526 1882 3559 us
