2372 4030
554 441 625 500 ss
796 431 1397 495 P.V1RG1L11
1469 375 1976 498 MAizoNrs

552 604 737 663 Terra
765 604 1025 683 antiqua,
1053 601 1489 684 potensarmis,
1517 602 1694 682 atqu‘e
1718 603 1898 669 ubere
1919 601 2114 683 glebae
2138 621 2156 663 ε

550 717 796 778 OEnotri
825 719 1059 778 coluere
1086 717 1236 775 viri:
1281 736 1438 776 nunc
1469 715 1648 791 fama,
1671 704 1929 777 minores

546 829 785 890 Italiam
816 831 1023 891 dixiffe
1051 830 1218 890 ducis
1246 829 1319 889 de
1341 831 1584 891 nomine
1610 847 1874 911 gentem.

550 946 696 1005 Huc
724 935 924 1004 cursus
955 945 1069 1004 fuit
1089 969 1104 1004 ε

2081 960 2200 1023 534

547 1060 759 1140 Qum
784 1059 981 1118 subito
1001 1058 1324 1139 adsurgens
1356 1057 1541 1117 fluetu
1570 1042 1880 1117 nimbosus
1909 1034 2137 1118 Orion*

551 1174 623 1231 In
650 1172 800 1230 vada
828 1189 986 1230 caeca
1013 1172 1172 1241 tulit,
1195 1169 1547 1249 penitusque
1564 1169 1919 1249 procacibus
1946 1171 2175 1243 austriS,

553 1285 786 1364 Perque
812 1284 1020 1356 undaS,
1049 1282 1359 1362 superante
1387 1281 1527 1354 sa10,
1547 1302 1773 1362 perque
1802 1284 1962 1342 invia
1989 1283 2123 1343 saxa

551 1399 855 1478 Dispulit:
902 1399 1017 1457 huc
1047 1396 1226 1476 pauci
1255 1394 1460 1454 vestris
1488 1395 1842 1457 adnavimus
1871 1400 2010 1459 oris,

606 1572 630 1610 5
637 1571 702 1610 31.
732 1562 867 1600 Patens
885 1559 1016 1600 Goth.
1034 1572 1094 1612 pr.
1151 1560 1257 1599 arvis
1275 1569 1386 1614 atque
1402 1575 1447 1598 v.
1462 1573 1507 1613 g.
1528 1571 1640 1599 mera
1659 1559 1870 1600 aberratio.

1980 1574 2005 1612 5
2011 1573 2076 1613 32.
2101 1563 2208 1604 male

550 1626 600 1667 al.
624 1628 786 1666 Oenotrii.
844 1628 1035 1664 Graecum
1055 1624 1110 1664 est
1128 1625 1298 1680 οἴνωτςω.
1321 1623 1371 1663 cf.
1393 1624 1422 1663 l.
1441 1624 1470 1663 l.
1500 1638 1523 1664 a
1552 1627 1824 1676 Burm.—--5
1831 1639 1895 1677 34.
1928 1628 2084 1668 Medic.
2114 1642 2208 1669 cum

554 1692 695 1732 multis
725 1690 867 1730 bonis:
898 1693 970 1730 Hic
1006 1691 1126 1746 cursus
1152 1692 1262 1744 suit;
1291 1690 1400 1743 quod
1437 1691 1717 1744 accipiendum
1750 1691 1836 1731 est:
1879 1693 1911 1732 is
1947 1693 2025 1732 fuit
2051 1697 2210 1735 c.--buc

552 1758 685 1797 cunHis
704 1753 815 1809 (fuit)
834 1758 884 1794 ire
897 1755 1080 1803 voluntas,
1098 1755 1280 1806 expletur
1304 1754 1440 1794 versus
1466 1755 1508 1794 in
1527 1755 1701 1795 Dorvill.
1727 1755 1878 1809 inepte.
1892 1769 2014 1807 ---5
2021 1758 2088 1808 38.
2106 1761 2203 1798 Per-

548 1820 647 1874 pulit
665 1817 836 1857 Dorvill.
858 1832 881 1856 a
900 1831 960 1871 pr.
983 1831 1039 1857 m.
1095 1819 1221 1873 vcstris
1245 1818 1428 1861 Arufian.
1463 1818 1585 1859 Meff.
1616 1819 1769 1861 laudat.
1812 1822 2036 1863 'advenimus
2054 1823 2211 1877 aliquot

553 1897 616 1937 ap.
633 1882 737 1922 Pier.
755 1895 803 1921 ex
822 1881 1168 1936 interpretatione.

550 2023 713 2071 -Servio
754 2034 960 2070 notatum
1001 2034 1047 2070 et
1095 2023 1342 2074 Macrobio

559 2087 651 2144 VI,
696 2105 741 2144 1,
773 2087 1049 2151 elegantiore
1068 2089 1226 2152 utique
1241 2103 1341 2138 ora-

556 2151 698 2200 tione.
774 2152 1005 2199 Caeterum
1047 2154 1105 2200 ad
1146 2155 1228 2202 hos
1264 2157 1341 2206 vff.

560 2234 834 2283 530—533.
874 2216 939 2265 cf.
1020 2217 1207 2269 Excurs.
1274 2223 1347 2285 Est

551 2282 664 2330 locus
699 2283 753 2337 h.
784 2285 817 2331 1.
854 2298 937 2345 pro
960 2283 1160 2347 regione.
1229 2284 1345 2334 Non

558 2346 635 2393 hic
684 2349 835 2394 locum
874 2346 1009 2394 habet
1048 2351 1349 2412 grammatica

560 2410 805 2475 subtilitas,
873 2410 1012 2475 Qod
1029 2425 1177 2460 autem
1194 2416 1346 2479 Hespe-

560 2480 674 2524 riam
696 2492 778 2540 pro
798 2475 931 2523 Italia
954 2476 1088 2534 dicit,
1129 2479 1348 2541 majorem

562 2541 697 2587 habet
714 2541 999 2604 antiquitatis
1018 2543 1346 2592 autioritatem.

564 2605 705 2670 Qod
757 2605 972 2654 Graecum
1025 2623 1188 2656 nomen
1231 2608 1350 2655 inter

563 2668 736 2732 Tyrios
786 2682 1021 2726 memoret,
1084 2671 1212 2735 super
1259 2673 1347 2721 hoc

563 2735 764 2799 argutari
802 2735 852 2782 in
885 2740 1023 2800 po'eta
1053 2735 1185 2801 epico
1207 2738 1347 2786 nefas-

562 2799 628 2846 cf.
652 2801 751 2865 sup.
770 2802 828 2848 ad
849 2818 891 2849 v.
919 2817 1028 2861 321.
1109 2807 1218 2866 531.
1245 2801 1348 2849 No-

562 2863 796 2914 biliffimus
834 2865 952 2913 inter
983 2876 1150 2914 veteres
1184 2867 1347 2915 versus,

566 2927 708 2978 ‘Terra
748 2938 947 2995 antiqua,
991 2946 1017 2977 a
1049 2932 1195 2996 prima
1239 2931 1349 2980 inde

567 2995 808 3042 hominum
863 2995 1081 3043 memoria
1132 2996 1348 3050 habitata,

566 3060 771 3123 adeoque
802 3076 893 3111 non
927 3058 1147 3123 ignobilis
1189 3074 1239 3118 et,
1266 3062 1348 3108 ob-

566 3124 724 3181 scura3
750 3138 892 3188 potens
923 3133 1052 3173 armis
1085 3139 1208 3189 atque
1228 3127 1353 3174 ubere

559 3189 720 3255 glebae,
743 3189 997 3239 incolarum
1021 3188 1292 3238 fortitudine
1307 3203 1352 3238 et

573 3254 660 3301 soli
705 3253 910 3303 ubertate
958 3254 1201 3312 excellens,
1253 3257 1356 3304 uber

597 3317 704 3367 lebae
725 3319 910 3384 duftum
940 3317 1089 3367 videri
1120 3321 1261 3384 potest
1295 3336 1352 3367 ex

559 3339 834 3431 {lomerico
878 3382 982 3434 οἷο-θα
1049 3387 1254 3449 denhem.
1276 3386 1355 3433 vix

569 3456 722 3497 tamen
760 3447 908 3511 prisco
961 3448 1046 3496 ilo
1087 3450 1355 3514 significatu,

555 3524 666 3623 ,ἓυο
693 3511 805 3559 uber
845 3513 916 3562 seu
964 3527 1160 3565 mamma
1197 3532 1249 3563 ac
1284 3517 1354 3562 lac

558 3623 560 3625 .
592 3576 660 3626 oli
694 3577 752 3623 de
787 3576 1021 3629 fertilitate
1053 3579 1256 3644 usurpari
1286 3580 1355 3628 so-

559 3640 697 3689 ‚lebat
709 3661 733 3698 ςχ
770 3640 846 3700 sed
889 3644 994 3692 uber
1042 3661 1127 3706 pro
1157 3645 1360 3693 ubertate

573 3703 749 3763 dietum
805 3706 1115 3762 Grammatici
1171 3709 1355 3761 docent.
1373 3739 1384 3747 -

799 3786 819 3820 1

1425 2024 1582 2073 Poetae
1598 2037 1749 2074 tamen
1764 2039 1959 2076 veterem
1990 2027 2210 2094 loquendi

1424 2106 1599 2138 morem
1622 2109 1715 2138 non
1744 2092 2031 2156 ignorarunt.
2099 2094 2214 2141 Cal·

1424 2154 1610 2203 limach.
1634 2157 1684 2203 in
1705 2155 1811 2204 Del.
1837 2163 1918 2222 48.
1939 2161 2067 2223 mio-040
2088 2182 2210 2219 μασ-

1424 2221 1492 2267 τὸν
1512 2219 1650 2268 dixit.
1708 2222 1881 2271 OEnotri
1909 2223 2106 2287 Pelasgi,
2127 2223 2209 2289 qui

1426 2284 1657 2350 principio
1697 2302 1857 2350 agrum
1899 2287 1950 2335 in
1993 2287 2212 2336 interiore

1425 2349 1581 2397 littore
1621 2350 1849 2399 inferioris
1890 2352 2037 2401 Italiae
2072 2369 2213 2401 occu-

1419 2426 1671 2478 sspaverant;
1707 2416 1827 2464 unde
1851 2418 2068 2466 OEnotria
2088 2417 2213 2465 dista

1425 2478 1626 2542 primurn
1653 2496 1781 2543 ager,
1825 2493 1924 2530 tum
1945 2494 2043 2530 tota
2063 2481 2210 2547 regie.

1427 2553 1616 2598 minores,
1637 2545 1818 2608 proprie
1837 2562 1961 2603 natu,
1978 2546 2211 2612 Virgilius

1428 2608 1486 2654 ad
1529 2609 1721 2671 posteros
1759 2611 1833 2658 vel
1869 2612 2054 2660 seriores
2073 2625 2215 2661 trans·

1427 2671 1544 2719 ferre
1565 2673 1695 2730 solet,
1739 2687 1789 2723 ut
1828 2693 1873 2725 v.
1911 2693 2005 2742 733
2058 2687 2104 2724 et
2151 2677 2214 2726 al.

1419 2751 1586 2802 gentem
1604 2750 1752 2786 autem
1769 2739 1946 2790 doftius
1963 2741 2116 2807 posuit
2127 2758 2212 2806 pro

1426 2815 1544 2849 terra
1588 2803 1844 2852 Homerico
1879 2820 2033 2863 more;
2088 2806 2216 2866 δῆμος

1429 2868 1615 2915 Φαιήκων
1632 2884 1715 2931 pro
1733 2869 1893 2918 insula.
2099 2890 2105 2893 “

1496 2949 1521 2997 5
1529 2949 1553 2994 3
1561 2937 1764 2997 5-——538.
1846 2935 1992 2984 Subito
2057 2939 2218 2998 stada,

1429 2998 1666 3059 repentina
1679 3000 1950 3063 tempestate,
1966 3014 2215 3056 commota,

1429 3064 1657 3126 ffrgens,
1680 3074 1731 3110 ut
1749 3084 1866 3112 mare
1882 3069 2213 3131 cffergitfludtl·

1432 3127 1525 3182 bus,
1560 3142 1665 3173 cum
1696 3129 1879 3192 proprie
1897 3133 2059 3191 studius
2084 3133 2220 3204 affier-

1427 3205 1539 3256 gant
1592 3196 1638 3238 in
1683 3200 1810 3241 mari.
1897 3197 2031 3242 Orion
2071 3195 2220 3243 dlfius

1435 3255 1625 3303 omuino
1669 3273 1752 3320 pro
1794 3258 2124 3323 tempestatibus
2165 3276 2220 3308 ae

1433 3321 1664 3386 procellis,
1685 3323 1835 3385 quales
1866 3325 1962 3372 sete
1991 3325 2086 3387 ejus
2115 3336 2222 3372 ortu

1421 3386 1508 3433 ..vel
1519 3385 1680 3434 occasu
1695 3387 1866 3436 exoriri
1879 3387 2039 3441 solent.
2102 3388 2221 3437 alio-

1435 3447 1517 3511 qui
1550 3450 1701 3498 Orion
1732 3453 1872 3505 etiam
1903 3468 2010 3500 cum
2038 3450 2222 3518 judicio

1437 3529 1464 3561 a
1483 3520 1619 3576 poeta
1651 3515 1818 3579 pofitus
1848 3516 1933 3565 effe
1960 3517 2105 3567 videri
2139 3534 2223 3582 po·

1432 3580 1529 3627 test.
1595 3579 1766 3628 Incidit
1803 3580 1926 3629 enim
1958 3582 2053 3646 ejus
2074 3594 2220 3638 ortus,

1431 3643 1572 3692 etiam
1613 3644 1662 3692 in
1717 3645 1787 3693 his
1826 3646 2002 3694 Africae
2051 3647 2128 3711 pla
2162 3647 2219 3703 is,

1433 3711 1486 3761 in
1537 3707 1732 3763 mensem
1782 3711 1989 3775 Junium.
2071 3711 2134 3757 AE
2170 3727 2218 3759 as

1766 3798 1776 3809 ⁴
2064 3787 2215 3826 autem
