2372 4030
464 426 674 476 Lxxx
767 399 1025 491 DISQ
1048 396 1143 467 11.
1216 393 1349 465 DE
1377 394 1599 466 RER.
1631 391 1740 465 IN
1771 389 1956 466 AEN.

461 583 704 656 suisset.
799 581 971 648 Item
995 578 1204 646 Varro
1229 572 1309 642 de
1333 575 1490 644 RR.
1519 575 1608 652 11,
1619 588 1701 673 ⁴4.
1750 575 1946 647 Adde
1970 577 2112 668 Ly-

463 698 697 793 cophr.
759 717 938 783 1250
987 691 1135 784 sqq·
1205 689 1353 781 (Ubi
1398 690 1567 756 male
1614 705 1799 781 τύςγες
1848 707 2115 782 τριάκοντα

454 816 778 909 jungunt,
787 811 937 904 jam
960 807 1113 875 inde
1142 830 1180 872 a
1213 802 1564 872 Scholiaste
1587 836 1613 883 ς
1650 803 1904 897 sed-per
1931 819 2117 895 πύργες

466 931 713 1022 exponi
742 944 901 1020 puta
930 933 1106 1005 χώραν,
1136 938 1202 989 et
1227 923 1473 1002 τριάκοντ’
1505 925 1831 1002 ἐξαριθμήσας
1858 923 2008 994 γονὰς
2034 919 2117 988 ad
2155 975 2158 978 Α

468 1045 652 1112 suern
682 1039 1031 1136 spectare).
1130 1040 1305 1106 Inter
1331 1051 1557 1103 caetera
1573 1033 1792 1104 tamen
1813 1037 2119 1130 omnium

468 1161 764 1228 maxime
794 1156 1078 1225 notabile
1122 1153 1381 1222 videtur
1435 1151 1624 1230 illud,
1673 1151 1852 1245 quod
1903 1150 2124 1220 Graeci

467 1275 805 1368 scriptores
839 1275 1094 1342 dudum
1137 1285 1285 1338 ante
1317 1269 1599 1360 Augusti
1647 1286 1947 1362 tempora
1989 1270 2125 1337 ori-

471 1393 696 1484 ginem
730 1391 1185 1457 Romanorum
1215 1410 1252 1451 a
1283 1385 1591 1475 Trojanis
1612 1387 1965 1479 AEneaque
1997 1384 2125 1454 du·-

472 1520 735 1581 xerunt,
782 1522 842 1571 et
874 1503 1228 1594 imperium
1262 1499 1436 1567 orbis
1482 1515 1794 1567 terrarum
1845 1523 1929 1566 ex
1976 1500 2127 1568 Ho-

473 1622 735 1688 mericis
791 1619 871 1685 de
926 1621 1142 1685 AEnea
1198 1614 1483 1682 versibus
1539 1614 1619 1681 ad
1651 1639 1761 1682 eos
1789 1613 2130 1682 transtule-

475 1753 629 1806 runt
648 1769 673 1816 ς
730 1762 798 1805 v.
837 1738 1073 1803 Conon
1109 1734 1371 1802 Narrat.
1405 1732 1495 1819 46
1527 1748 1589 1799 et
1631 1733 1937 1825 inprimis
1987 1735 2131 1825 Ly-

479 1850 775 1943 cophron
835 1876 903 1919 v.
969 1875 990 1916 1
1013 1851 1146 1920 226
1207 1847 1353 1940 sqq.
1474 1851 1907 1940 Apponerem
1961 1849 2130 1926 loca,

479 1965 600 2033 nifi
639 1966 938 2033 brevitati
971 1945 1294 2031 studerem
1320 1995 1342 2041 ς
1416 1966 1537 2031 erit
1586 1967 1784 2032 etiam
1817 1965 2133 2033 nonnulla

475 2081 667 2150 exhis
681 2079 1725 2174 persequendicommodiorlocus
1737 2134 1753 2160 ,
1772 2080 2041 2173 quando
2053 2080 2134 2146 de

479 2197 752 2290 singulis
782 2209 1030 2284 agetur.
1099 2192 1214 2257 Est
1245 2194 1426 2256 enim
1451 2193 1641 2259 nobis
1672 2192 1800 2261 hoc
1830 2196 2138 2288 inprimis

480 2310 916 2406 propofitum,
966 2323 1038 2374 ut
1061 2305 1351 2398 vestigia,
1400 2308 1598 2374 etiam
1625 2307 1914 2389 obscura,
1955 2331 2138 2382 vete-

480 2428 572 2496 ris
598 2423 880 2491 historiae
899 2419 1381 2514 persequamur,
1417 2422 1657 2514 quibus
1683 2426 1971 2496 institisse
1989 2429 2143 2497 ubi-

489 2567 622 2637 que
649 2540 849 2635 po'eta
877 2538 1085 2607 videri
1115 2539 1351 2631 potest.
1451 2539 1598 2608 Nec
1629 2544 1811 2613 enirn
1842 2546 1953 2613 ille
1977 2545 2142 2615 faci-

486 2658 550 2726 le
584 2655 715 2725 fine
747 2658 1006 2724 auctore
1026 2654 1349 2745 loquitur.
1447 2656 1659 2726 Simul
1704 2659 2141 2732 adolescentes

490 2771 882 2864 exemplum
960 2783 1211 2836 mature
1285 2766 1520 2837 habere
1579 2774 1914 2865 cupimuS,
1984 2805 2146 2852 nam

492 2885 833 2982 praecept'is
862 2882 1008 2951 haec
1038 2905 1139 2951 res
1185 2905 1323 2950 non
1360 2880 1550 2951 facile
1581 2888 1879 2980 expediri
1906 2893 2143 2984 potest,

494 3017 632 3094 quo
662 2997 956 3077 confiIio,
1004 3019 1139 3089 qua
1168 2996 1438 3078 ratione,
1488 3022 1564 3067 ac
1619 3025 1754 3096 quo
1808 3004 2021 3076 studio
2075 3011 2148 3080 in

494 3114 969 3184 narrationibus
1015 3108 1324 3204 mythicis
1380 3112 1843 3206 cognoscendis
1893 3119 2152 3191 versan-

498 3231 659 3299 dum
691 3227 788 3296 fit.
850 3226 1049 3296 Nihil
1076 3225 1258 3294 enirn
1288 3226 1466 3294 aliud
1485 3252 1675 3320 agere
1706 3232 1897 3314 velle,
1947 3257 2151 3327 quam

501 3343 882 3437 cognoscere
912 3367 986 3412 ac
1019 3365 1304 3436 quaerere
1329 3359 1393 3411 et
1421 3344 1491 3412 in
1514 3369 1723 3416 unum
1743 3349 1968 3419 Iocum
1989 3375 2154 3421 con·-

501 3475 747 3549 gerer‘e,
771 3459 937 3551 quid
965 3458 1076 3526 hic
1100 3460 1210 3527 vel
1236 3458 1348 3527 ille
1375 3475 1439 3526 et
1466 3458 1753 3545 sexcenti
1780 3461 2154 3543 aliicadem

502 3573 576 3640 in
625 3597 695 3642 re
752 3576 1157 3661 tradiderint,
1208 3575 1593 3661 censuerint,
1663 3578 2153 3665 somniaverint,

2021 3695 2159 3771 hoc
