2294 4030
638 265 791 333 AD
856 272 1335 339 LIBRUM
1405 285 1458 342 Ι.
1754 301 1870 367 139

224 431 415 492 flumen,
446 436 528 486 sub
547 432 683 503 ipsos
693 437 791 486 fere
814 437 965 486 fontes
989 439 1221 505 stagnans,
1255 458 1343 507 per
1369 444 1611 508 planitiem
1643 447 1703 496 ad
1737 456 1868 497 mare

175 504 465 562 deferatur
484 518 532 561 θ.
600 513 838 561 Caeterum
874 530 982 563 cum
1017 531 1104 580 per
1140 515 1456 568 subterraneas
1493 537 1714 572 cavernas
1749 526 1869 575 mari

221 586 291 635 a'd
323 587 518 637 Timavi
555 587 708 638 fontes
735 587 829 637 iter
864 601 1044 654 pateat,
1078 606 1186 640 cum
1225 593 1330 640 aestu
1367 595 1506 643 maris
1543 613 1761 663 magnam
1800 601 1870 652 illi

218 663 446 728 'aquarum
468 664 640 714 molem
660 660 933 728 accipiunt3
967 679 1062 730 quo
1084 664 1152 722 fit,
1187 678 1238 716 ut
1258 667 1439 733 ingenti
1461 686 1569 718 cum
1604 673 1792 738 fragore
1817 689 1866 725 et

218 738 408 806 mugitu
427 740 725 790 subterraneo
762 739 998 790 Timavus
1037 741 1162 790 inter
1202 743 1386 808 rupium
1425 757 1557 793 antra
1594 761 1866 814 prorumpat

222 812 343 877 (hoe
366 815 430 864 est
451 815 622 870 nostro,
653 819 783 880 vasto
805 833 896 863 cum
918 834 1132 865 murmure
1152 822 1359 879 montis),
1383 832 1487 873 nee,
1520 819 1619 880 jam
1651 820 1700 868 in
1723 838 1861 872 unum

215 886 404 939 alveum
438 892 644 945 coaetus,
678 889 908 938 contineri
951 889 999 938 in
1044 906 1102 937 eo
1138 891 1288 953 poffit‚
1323 891 1399 938 sed
1439 892 1595 942 vicina
1635 893 1728 942 late
1759 897 1863 946 loca

214 960 428 1021 inundet,
461 976 713 1030 antequam
736 962 796 1012 ad
829 980 958 1012 mare
979 963 1242 1028 perveniat.
1309 965 1436 1015 Hinc
1457 967 1534 1015 ille
1555 973 1594 1016 it
1624 987 1744 1018 mare
1758 984 1863 1033 pro.

213 1049 408 1102 ruptum,
442 1039 501 1088 ad
539 1040 684 1088 maris
727 1038 947 1103 speeiem,
998 1054 1194 1103 magnos
1239 1039 1399 1088 fluetus
1442 1042 1671 1089 volventis
1712 1046 1858 1108 (quod

211 1117 389 1180 inagna
427 1132 561 1182 aquae
602 1115 653 1164 vi
698 1114 961 1180 prorumpit
1006 1114 1069 1168 se,
1104 1114 1375 1168 effunditur,
1410 1127 1459 1162 ut
1504 1117 1783 1180 Pompon.),
1816 1134 1864 1170 et

205 1187 367 1260 'premit
425 1211 573 1247 arva,
638 1191 812 1255 operit,
861 1189 1074 1243 inundat,
1112 1189 1286 1253 pelago,
1338 1206 1561 1254 aquarum
1600 1193 1648 1240 vi
1686 1195 1857 1258 pelago

211 1267 364 1324 fimili,
379 1270 580 1329 finanti,
614 1276 690 1315 leu
722 1278 918 1331 propter
953 1281 1177 1330 aquarum
1208 1264 1395 1328 copiam
1434 1278 1480 1314 et
1510 1266 1751 1331 impetum,
1785 1270 1861 1320 seu

207 1342 332 1392 inter
367 1359 507 1410 agros
540 1342 740 1408 seopulis
786 1342 983 1390 consitos
1006 1342 1054 1390 †.
1138 1342 1217 1395 De
1255 1341 1439 1406 origine
1478 1343 1671 1391 Timavi
1716 1347 1862 1399 multa

208 1421 443 1488 disputant
483 1421 647 1478 iidem,
703 1438 819 1486 quos
858 1420 1238 1475 memoravimus,
1273 1422 1495 1471 auftores.
1566 1423 1689 1470 Cum
1721 1425 1859 1488 plena

208 1498 263 1548 fit
299 1500 565 1553 Carnorum
603 1499 738 1563 regio
783 1498 1049 1547 fluminibus
1087 1497 1385 1546 subeuntibus
1430 1509 1603 1546 terram
1655 1517 1858 1564 moxque

125 1606 127 1611 =
203 1571 375 1623 iterum
399 1573 766 1639 emergentibus,
802 1574 945 1622 etiam
983 1573 1218 1620 Timavus
1243 1573 1376 1620 fimili
1399 1573 1578 1621 ratione
1609 1574 1735 1622 idem
1767 1579 1856 1626 effe

202 1650 374 1700 flumen
416 1649 623 1706 videtur,
656 1650 781 1714 quod
818 1650 941 1701 XIV
979 1648 1126 1696 millia
1159 1649 1363 1713 passuum
1396 1650 1595 1712 (XVIII
1630 1651 1705 1700 vel
1741 1652 1850 1701 XX.

201 1724 406 1775 Irenaeus
430 1725 490 1774 de
523 1725 679 1774 Cruce
716 1725 873 1790 Istoria
906 1727 955 1775 di
977 1721 1138 1788 Trieste
1167 1724 1250 1771 lib.
1286 1725 1327 1771 Ι.
1351 1740 1396 1771 c.
1440 1740 1467 1772 2
1491 1737 1539 1773 et
1570 1725 1638 1780 V,
1678 1742 1734 1772 10
1758 1743 1854 1775 me-

201 1800 378 1862 morat)
426 1801 560 1866 supra
596 1801 680 1849 hos
716 1801 866 1849 fontes
897 1799 956 1847 ad
990 1799 1148 1847 vicum
1183 1800 1253 1850 D.
1278 1799 1467 1847 Catiani
1509 1802 1590 1861 (S.
1635 1802 1856 1864 Kazian)

197 1872 271 1923 bis
302 1885 438 1922 terve
473 1875 628 1923 subter
660 1876 848 1940 rupium
881 1891 1000 1923 cava
1034 1874 1161 1922 viam
1185 1874 1268 1922 fibi
1297 1875 1430 1929 facit,
1466 1876 1744 1940 tandemque
1767 1894 1850 1926 cu.

197 1949 357 2002 niculo
399 1950 696 2000 subterraneo
736 1962 901 1999 totum>
925 1948 1158 1999 conditur.
1240 1952 1403 1998 Rekam
1433 1950 1491 1997 id
1539 1951 1712 1999 flumen
1745 1954 1850 2008 esse,

196 2026 424 2076 Valvasor
462 2026 621 2081 docet,
670 2026 752 2092 qui
795 2025 963 2075 reffius
1009 2026 1105 2072 haec
1147 2027 1358 2090 exponit,
1403 2043 1543 2090 quam
1578 2027 1847 2079 Cluverius.

197 2101 455 2150 Enimvero
482 2100 581 2163 jam
607 2101 733 2165 apud
766 2100 1046 2149 Strabonem
1068 2099 1152 2150 lib.
1176 2100 1241 2149 V.
1280 2118 1329 2165 p.
1369 2118 1463 2165 329
1506 2103 1569 2149 A.
1612 2102 1847 2151 Pofidoni-

193 2192 276 2225 um
319 2176 410 2225 hoe
446 2175 574 2224 idem
607 2174 842 2225 tradidisse
878 2175 1058 2231 videas,
1093 2193 1120 2224 e
1166 2175 1399 2223 montibus
1437 2176 1643 2223 delatum
1680 2177 1850 2224 Tima-

192 2266 317 2301 vum·
362 2267 590 2318 voraglne
634 2262 770 2298 terrae
812 2249 1198 2303 absorberl,2113’
1249 2270 1326 2295 υπο
1371 2270 1447 2307 ’γης
1491 2250 1717 2312 ἐνεχθέντα
1754 2274 1844 2314 ‘negt

191 2327 338 2375 ἕκατον
370 2326 446 2375 καῖ
478 2339 507 2374 λ
547 2325 691 2380 ςαδιες
719 2325 892 2388 (XVII
916 2322 1063 2371 missla
1086 2323 1359 2387 paffuum)'
1343 2344 1411 2370 επι
1441 2328 1495 2388 τῆ
1533 2325 1742 2390 θαλάττῃ
1776 2349 1826 2374 τγ
1806 2331 1848 2378 ἦν

187 2402 358 2456 ἔκβολῆν
393 2398 604 2450 ποιεῖσθαι
636 2400 755 2449 male
790 2410 1051 2463 acelpltur:
1099 2402 1147 2445 in
1188 2415 1309 2444 mare
1350 2400 1535 2463 effluere.
1616 2400 1751 2448 Vert.
1786 2406 1852 2451 ad

191 2493 329 2532 mare,
361 2494 443 2525 non
469 2474 591 2539 longe
621 2494 652 2523 a
686 2478 822 2530 mari,
855 2477 995 2525 emitti
1018 2478 1189 2528 iterum.
1257 2472 1418 2521 Restat
1448 2484 1499 2520 ut
1527 2475 1616 2522 hoc
1654 2491 1845 2524 monea-

182 2566 312 2610 Umus,
326 2554 501 2614 fintem
521 2547 713 2601 Timavi
745 2549 794 2597 h.
830 2548 863 2596 1.
895 2563 983 2613 pro
1021 2546 1122 2611 ipso
1156 2546 1364 2595 Timavo
1402 2547 1522 2604 dici;
1561 2565 1664 2596 eum
1688 2563 1844 2606 autem

181 2623 256 2694 *ita
275 2626 495 2690 stapercffl
540 2624 756 2673 Antenor
815 2621 1166 2687 intelligendus,
1209 2632 1261 2669 ut
1305 2622 1438 2670 cursu
1479 2623 1667 2671 navium
1700 2624 1841 2686 juxta

185 2697 346 2752 littora
383 2698 584 2753 servato,
618 2715 728 2747 nam
761 2715 872 2747 cum
920 2698 1054 2745 classe
1099 2696 1200 2744 haec
1242 2696 1350 2744 loca
1389 2696 1523 2751 adiit,
1557 2697 1668 2744 ostia
1710 2698 1840 2748 fluvii

182 2775 511 2841 praeterveetus
538 2772 598 2822 ad
623 2773 862 2823 ulteriores
902 2773 1077 2838 plagas
1098 2783 1147 2819 et
1177 2770 1444 2819 interiorem
1485 2771 1630 2819 smum
1668 2789 1840 2838 perge..

185 2863 275 2906 ret.
359 2850 442 2901 Est
483 2849 607 2902 enim
643 2851 683 2902 is
715 2853 964 2919 poetarum
1001 2867 1051 2899 v.
1090 2865 1138 2898 e.
1182 2863 1361 2918 eorum,
1396 2846 1477 2914 qui
1517 2849 1842 2914 Argonautica

239 3018 266 3046 ⁶
295 3018 362 3060 Cf.
385 3018 574 3064 δώΙέκιν
594 3018 862 3075 Briefwecbftl
877 3020 914 3058 11
933 3017 1018 3063 Th
1040 3015 1140 3056 Heft
1163 3015 1257 3062 XII,
1281 3025 1323 3067 p
1348 3023 1442 3064 340

235 3082 262 3133 †
290 3081 429 3123 Minus
455 3081 560 3135 beust
591 3083 706 3127 Wood
731 3085 785 3123 V.
823 3083 888 3130 C„
912 3081 1002 3122 loco
1036 3093 1130 3119 mox
1162 3076 1377 3125 laudando,
1406 3074 1613 3128 antiquam
1635 3073 1835 3127 interpre-

168 3145 382 3190 tationem
398 3155 576 3196 revocat,
601 3159 682 3203 qua
711 3162 810 3189 mare
834 3157 1048 3220 promptum
1082 3144 1131 3184 de
1152 3141 1239 3196 ipfo
1267 3141 1370 3181 mari
1391 3139 1598 3180 Adriatico
1615 3133 1836 3192 accipieba-

179 3217 264 3258 tur,
290 3209 413 3263 quod,
439 3210 596 3264 quoties
624 3209 828 3259 exaestuat,
856 3210 899 3250 in
928 3210 1122 3250 interiora
1149 3204 1300 3247 littoris
1328 3203 1531 3244 exundans
1548 3202 1717 3242 Timavi
1745 3213 1836 3242 eur-

181 3274 274 3316 sum
290 3272 492 3328 reprimit.
547 3273 644 3315 Hoc
656 3274 843 3316 locurum
872 3283 1060 3315 naturam
1089 3272 1146 3312 ita
1166 3270 1270 3311 ferre
1288 3280 1408 3309 nemo
1427 3275 1575 3320 neget.
1604 3267 1672 3308 sed
1689 3266 1834 3307 verbo·

168 3348 274 3386 ‚rum
290 3338 488 3385 struant-a
504 3339 774 3395 summisque
793 3339 898 3381 ratio
915 3337 1124 3380 manifeste
1143 3341 1342 3389 repugnat
1372 3331 1436 3375 isti
1460 3331 1620 3372 sensui:
1647 3330 1703 3372 est
1722 3330 1834 3370 enim.

162 3405 271 3464 Μ,
298 3405 390 3446 unde
410 3406 455 3447 h·
482 3418 517 3446 e·
545 3418 591 3447 ω’
623 3421 694 3465 qun
719 3420 818 3458 mm
839 3415 1056 3468 proruptum
1083 3405 1127 3455 ir,
1153 3413 1236 3448 uon
1253 3412 1370 3454 vero.
1390 3396 1483 3443 {011⁸
1513 3398 1549 3443 itt
1568 3412 1685 3458 quem..
1712 3396 1835 3457 versus

132 3494 135 3498 -
176 3482 296 3528 gum,
324 3480 436 3516 mare
453 3468 654 3531 procedit.

348 3547 358 3552 ‘
560 3554 561 3557 ¹
588 3543 590 3545 ’
689 3548 692 3550 “
1562 3533 1838 3603 exponunt»
