2294 4030
499 298 645 358 2225·

498 451 677 514 Ilicet
703 451 1017 516 obruimur
1043 478 1312 522 numero,

743 281 1332 365 P.V²1RG1L11
1401 304 1890 368 MAR0N1s

1399 459 1748 545 Primusque
1777 461 2077 525 Coroebus

499 567 737 634 Penelei
765 568 992 642 dextra,
1021 569 1180 633 divae
1207 572 1621 653 armipotentis
1650 575 1728 634 ad
1750 595 1932 648 aram,
2014 595 2091 650 42
2099 589 2135 656 5

499 679 891 747 Procumbit:
935 684 1098 745 cadit
1128 700 1188 748 et
1218 669 1877 766 Rhipeu3‚‘justiffimus
1903 707 2058 749 unus

498 799 627 884 Qi
657 799 770 860 fuit
796 799 859 864 in
890 800 1138 860 Teucris
1166 813 1225 860 et
1250 799 1710 863 servantiffimus
1734 804 1931 884 aequi:

494 909 612 974 Dis
639 911 809 970 aliter
838 909 1063 975 visuum
1100 924 1352 992 pereunt
1379 909 1780 997 Hypanisque.
1796 912 2142 994 Dymasque

500 1026 739 1091 Confixi
768 1048 801 1086 a
829 1025 1002 1088 sociis.
1022 1056 1046 1096 ,-
1081 1045 1193 1087 nec
1219 1040 1278 1086 te
1305 1041 1405 1088 tua
1433 1028 1715 1107 plurima,
1740 1027 1996 1102 Panthu,

497 1142 830 1204 Labentem
858 1143 1049 1222 pietas
1078 1161 1186 1202 nec
1215 1142 1516 1223 Apollinis
1546 1144 1736 1204 infula
1762 1144 1932 1204 texit.

1964 1215 1969 1217 μ
2015 1161 2142 1223 430

493 1259 666 1320 Iliaci
696 1258 939 1329 cineres,
981 1271 1039 1316 et
1067 1257 1310 1316 flamma
1340 1274 1603 1318 extrema
1630 1279 1924 1332 meorum,

495 1374 723 1445 Testor,
751 1374 812 1431 in
839 1371 1050 1432 occasu
1079 1372 1273 1434 vestro
1298 1392 1407 1438 nec
1439 1373 1555 1433 tela
1583 1393 1692 1434 nec
1722 1374 1872 1434 ullas

495 1486 779 1550 Vitaviffe
808 1485 966 1546 vices
995 1484 1272 1554 Danaum
1295 1515 1313 1559 3

1350 1499 1429 1561 et,
1475 1484 1516 1551 fi
1551 1483 1668 1552 fata
1699 1485 1955 1560 fuifl'ent,

551 1663 645 1700 424.
675 1654 757 1692 Illic
778 1652 840 1692 ed'.
859 1654 963 1698 Ven,
1022 1653 1126 1690 illicet
1156 1650 1241 1691 fere
1277 1649 1319 1691 in
1351 1649 1462 1691 libris
1489 1651 1707 1706 scriptum3
1734 1653 1802 1694 sed
1828 1666 1868 1694 v.
1889 1654 1994 1694 Pier.
2047 1655 2140 1694 illic·

498 1717 626 1756 Goth.
658 1717 725 1758 alt.
782 1720 957 1757 irruimur
977 1716 1157 1756 Parrhas.

495 1781 579 1834 sup.
603 1793 698 1833 392.
753 1782 891 1820 Pelenei
909 1783 1040 1834 Sprot.

495 1845 684 1884 Macrob.
712 1846 770 1882 IV
799 1847 878 1885 Sat.
909 1856 948 1894 3,
978 1857 1071 1883 cum
1102 1842 1278 1882 Dorvill.
1308 1857 1331 1883 a
1361 1856 1420 1883 m.
1454 1844 1525 1885 sec.

1191 1907 1242 1954 11,
1276 1919 1314 1956 5.

497 1906 656 1954 Burm.‚
684 1917 805 1959 quem
833 1920 873 1946 v.
909 1907 960 1946 ad
997 1908 1149 1945 Lucan.

494 1970 721 2019 Montalb.,
747 1970 817 2023 qui
838 1979 878 2010 et
902 1984 926 2009 a
946 1982 1000 2009 m.
1028 1970 1100 2009 sec.
1130 1970 1249 2023 cotfiſs.

492 2035 639 2079 „Phantu
671 2034 796 2073 Goth.
832 2033 907 2073 alt.-

496 2098 661 2138 Vratiss.
719 2100 755 2136 in
787 2099 844 2136 hoc

1267 1727 1319 1763 42
1322 1727 1362 1766 5.
1391 1717 1532 1755 Pendeo
1559 1717 1733 1757 Dorvill.
1765 1731 1790 1758 a
1814 1731 1871 1760 m.
1900 1719 1973 1758 sec.
2030 1720 2139 1760 Vide

1152 1779 1248 1826 426.
1267 1781 1449 1833 procubuit
1469 1781 1591 1820 Caris.
1612 1780 1680 1821 lib.
1702 1782 1719 1821 1
1739 1781 1831 1822 Inst.
1851 1785 2076 1833 Gramma.
2098 1796 2141 1827 et

1636 1845 1731 1894 428,
1772 1849 1886 1899 visum
1911 1848 1956 1902 ψ
1985 1847 2140 1900 aliquot

1427 1918 1525 1961 429.
1559 1909 1706 1962 Corgfoffi
1740 1910 1930 1956 Vratiss.-
1973 1927 1999 1950 a
2034 1910 2142 1958 deest

1319 1970 1364 2009 ab
1383 1972 1486 2022 sociis
1505 1972 1600 2019 ΕιῑεἸ
1626 1971 1765 2020 Burm.
1834 1974 1991 2012 Panthera
2008 1974 2136 2017 wall.

1010 2045 1105 2083 430.
1132 2049 1233 2086 neque
1259 2035 1313 2073 A.
1346 2035 1455 2074 Gud.
1493 2049 1529 2073 c.
1563 2035 1668 2075 binis
1697 2036 1795 2076 aliis.

875 2100 954 2149 casu
984 2098 1092 2151 nestro
1110 2097 1254 2145 Goth„
1276 2108 1360 2136 non
1388 2097 1540 2138 infelici
1567 2097 1691 2151 lapsu.

1907 2049 2003 2088 432.
2031 2040 2140 2093 nistre

1803 2111 1897 2150 433.
1924 2117 2043 2140 manus
2066 2115 2142 2155 pro

494 2164 590 2198 vices
621 2173 681 2213 pr.
718 2161 870 2200 Hamb.
928 2162 969 2213 fi
984 2163 1078 2212 fata
1107 2160 1261 2213 dediffiwt
1278 2160 1396 2201 Leid.
1419 2170 1519 2201 tert.
1583 2162 1730 2216 tulgffint
1755 2162 1892 2215 Bigot,
1915 2173 1955 2203 et
1978 2162 2137 2206 Zulich.

491 2235 568 2277 pro
588 2238 671 2263 var.
693 2223 801 2272 leet„
827 2224 937 2276 quod
956 2236 1098 2263 verum
1117 2232 1232 2276 putat
1253 2225 1410 2272 Burm.‚
1437 2224 1629 2277 quoniam
1656 2225 1818 2279 proprie
1849 2226 1906 2265 ita
1931 2227 2008 2268 dici
2026 2227 2140 2277 solet,

489 2290 550 2329 Ita
569 2302 667 2328 vero
686 2288 783 2341 quid
800 2287 919 2327 facias
936 2287 1020 2341 sup.
1039 2300 1079 2333 ν,
1101 2299 1159 2337 54
1186 2288 1320 2341 fifata
1336 2291 1446 2336 deum,
1457 2290 1499 2343 si
1515 2305 1605 2328 mens
1623 2305 1686 2327 non
1709 2290 1945 2345 laevafufft.

485 2427 570 2479 effe
629 2427 981 2483 mentiebantur,
1031 2436 1085 2474 ut
1142 2428 1269 2483 Serv

486 2492 611 2541 Mox
630 2510 721 2556 423
729 2495 782 2555 s
760 2507 914 2557 gnant
946 2493 993 2539 h.
1035 2492 1068 2540 1.
1106 2493 1266 2556 agnos-

486 2568 614 2605 cunt.
672 2557 749 2605 Sic
770 2569 914 2605 notare
933 2555 1069 2603 etiam
1090 2557 1270 2621 vulgari

485 2621 708 2677 sermone,
730 2634 775 2669 et
798 2644 917 2679 σημε
908 2621 1076 2678 ἔξω-θαι,
1094 2623 1270 2681 τεκμαί-

484 2686 654 2749 ςεσθαι.
691 2687 834 2735 Porro
855 2707 928 2735 ora
932 2690 1032 2748 sono
1050 2688 1297 2749 dscordz'a,

484 2751 546 2798 ad
581 2752 776 2825 poe'ticae
811 2751 1030 2800 orationis
1062 2750 1269 2815 genium,

483 2832 570 2880 pro
614 2815 845 2864 discordia
885 2828 930 2863 et
970 2814 1272 2878 discrepantia

483 2880 729 2939 fermonis;
762 2881 930 2945 quippe
958 2879 1040 2944 qui
1075 2879 1269 2949 Trojani

484 2945 642 3001 effent,
708 2945 972 3010 diversaque
1039 2955 1274 2994 uterentur

484 3010 699 3058 dialeflo

549 3088 823 3138 424—-430-
842 3075 1040 3123 Divaea.
1059 3074 1272 3132 adaram,

481 3138 536 3186 in
569 3139 668 3202 ipso
701 3138 817 3186 adeo
854 3139 1024 3203 templo
1048 3138 1273 3187 Minervae

482 3203 583 3267 sup.
607 3219 724 3266 403,
752 3201 835 3250 nifi
855 3214 959 3251 ante
979 3202 1237 3268 templum'
1222 3219 1272 3250 m

481 3270 642 3332 πξονάω
676 3267 747 3314 vel
785 3268 836 3316 in
877 3270 1093 3332 πεξιβόλω,
1133 3279 1186 3315 ut
1225 3279 1272 3319 et

482 3316 733 3396 expreffum
752 3330 912 3381 vides'
899 3349 948 3380 m
970 3332 1095 3381 Tab.
1131 3331 1273 3382 Iliaca

483 3412 680 3460 n.104.
743 3397 938 3446 Peneleus
959 3397 1036 3448 hie
1054 3395 1180 3444 alius
1188 3395 1273 3443 effe

479 3459 637 3516 debet,
668 3477 805 3523 quam
834 3461 1114 3511 Homericus
1137 3460 1271 3509 Boeo-

477 3533 636 3582 torum
657 3524 785 3579 dux:
822 3542 930 3578 nam
958 3526 998 3582 is
1026 3526 1105 3577 ab
1122 3523 1272 3597 Εηιγς

1347 2446 1409 2493 py
1379 2428 1456 2490 ylo
1481 2427 1571 2475 fuit
1587 2427 1780 2485 occisus,
1803 2428 1998 2493 Telephi
2014 2428 2139 2482 filim

1352 2492 1542 2540 Pausan.
1583 2492 1680 2548 IX,
1706 2510 1731 2558 ς
1757 2493 1792 2541 f.
1860 2493 2024 2557 Distys
2045 2493 2138 2551 IV,

1348 2574 1464 2670 silim
1501 2558 2054 2670 {Zssgfflffioeffiffs
2075 2528 2140 2671 {i

1348 2687 1397 2735 h.
1437 2687 1504 2743 13
1540 2702 1631 2733 non
1670 2686 1806 2735 video
1827 2639 2137 2750 quzoauc‘tore.

1347 2753 1462 2800 cadit
1493 2765 1533 2799 et
1555 2749 1754 2814 Rhipeus,
1773 2754 1882 2816 Just
1868 2754 1932 2812 ff
1910 2771 2013 2800 mus
2034 2772 2138 2800 umes
2159 2769 2163 2778 ¹

1349 2816 1552 2864 omnium
1565 2843 1631 2852 -
1644 2828 1684 2863 et
1702 2815 2038 2877 strvantffimus
2073 2837 2136 2871 ιε,

1376 2879 1553 2945 u1,qui
1589 2879 1705 2927 adeo
1742 2880 1899 2929 cadere
1932 2896 2024 2928 non
2059 2879 2138 2928 de-.

1349 2889 1527 3000 {iu-iffa,
1551 2944 1785 2993 communi
1809 2944 2079 2992 hominum
2061 2962 2137 3007 ju,-

1350 3009 1505 3065 dicio;
1538 3007 1615 3057 sed
1650 3011 1732 3057 diis
1751 3009 1879 3057 aliter
1895 3013 2056 3071 visum,
2078 3010 2138 3058 de

1353 3075 1507 3123 cauffis
1542 3086 1589 3121 et
1625 3073 1895 3128 rationibuS,
1927 3090 2029 3139 quae
2057 3090 2138 3121 nos

1351 3138 1562 3190 homines
1600 3138 1758 3186 latent.

1353 3202 1401 3250 h.
1444 3203 1478 3249 1.
1523 3200 1621 3265 agit
1664 3203 1818 3251 Burm.
1922 3202 2135 3251 Laudant

1351 3266 1492 3315 etiam
1541 3266 1845 3316 Homericum
1878 3265 2040 3329 Odyff.
2085 3290 2139 3328 a,

1354 3346 1452 3395 234
1472 3337 1553 3380 Νῦν
1574 3332 1612 3378 δ’
1635 3334 1777 3396 ἓτὲςων
1808 3333 2007 3388 ἐβάλοντο
2027 3330 2135 3390 520),

1351 3396 1470 3455 κακοὶ
1488 3400 1747 3457 μητιόωντες.

1416 3477 1690 3536 431-434„
1725 3461 1912 3535 Qanto
1931 3476 2038 3509 curn
2059 3459 2134 3508 af

1349 3523 1491 3585 festu,
1516 3527 1701 3601 egregia
1720 3526 1936 3594 orationis
1953 3524 2138 3575 inflexi-

2029 3605 2137 3648 one,

1839 3137 2038 3203 Copiose
2075 3139 2136 3189 de
2166 3173 2174 3179 „
