2294 4030
425 268 544 344 620
668 275 739 338 P.
798 259 1246 336 VIRG1L11
1305 271 1804 336 MARONIS

424 444 539 506 Sed
565 464 681 506 non
708 423 933 501 idcirco
958 419 1217 499 flamrnae
1244 450 1421 516 atque
1449 420 1904 519 incendia-vires
1938 436 2063 499 680

427 555 756 618 Indomitas
782 551 1061 634 posuere:
1101 552 1221 612 udo
1247 550 1354 610 sub
1382 550 1594 611 robore
1621 552 1774 613 vivit

429 672 658 749 Stuppa
680 687 922 726 vomens
946 665 1184 724 tardum
1213 644 1469 736 funium,
1498 649 1806 746 lentusque
1832 665 2061 726 carinas

429 784 538 845 Est
565 775 770 862 vapor,
811 796 871 840 et
895 795 1021 839 toto
1048 778 1350 838 descendit
1379 799 1630 860 corpore
1656 782 1836 862 pestis
1862 811 1882 852 ;

433 896 564 955 Nec
596 896 743 954 vires
770 896 1018 953 heroum
1047 891 1352 971 infusaque
1380 892 1627 953 flumina
1652 893 1918 974 prosunt.

436 1009 600 1069 Tum
629 1010 761 1088 pius
790 981 1004 1068 AEneas
1034 1006 1292 1066 humeris
1321 1005 1663 1067 abscindere
1682 1008 1924 1081 vestem,
1951 1007 2065 1087 685

393 1155 399 1160 ,
435 1123 799 1200 Auxilioque
824 1140 1034 1180 vocare
1060 1120 1220 1193 deOS,
1248 1105 1307 1179 et
1333 1121 1574 1180 tendere
1598 1121 1862 1200 palmas;

437 1234 715 1314 Juppiter
741 1235 1139 1313 omnipotenS,
1179 1231 1223 1290 fi
1252 1233 1522 1292 nondum
1550 1232 1758 1292 exosus
1783 1233 1859 1296 ad
1884 1252 2071 1294 unum

436 1349 496 1407 Τ
498 1349 746 1429 rojanoS,
787 1349 830 1407 fi
859 1349 1004 1430 quid
1032 1349 1220 1428 pietas
1249 1348 1490 1428 antiqua
1515 1349 1743 1408 labores

435 1460 704 1537 Respicit
731 1461 1054 1529 humanos3
1097 1461 1172 1521 da
1197 1462 1503 1521 flammam
1531 1460 1773 1520 evadere
1798 1459 1955 1520 claffi

437 1573 636 1645 Nune,
657 1573 843 1645 Pater,
865 1589 926 1633 et
951 1557 1142 1636 tenuis
1170 1577 1476 1637 Teucrum
1498 1596 1584 1635 res
1609 1576 1770 1654 eripe
1792 1576 1930 1636 leto,
1955 1574 2079 1656 690

436 1684 547 1744 Vel
577 1700 659 1761 tu,
687 1687 847 1770 quod
876 1686 1148 1768 superest,
1177 1689 1386 1749 infesto
1416 1688 1668 1749 fulmine
1696 1689 1900 1762 morti,

497 1847 592 1891 680.
611 1851 799 1905 flammam
818 1866 841 1893 a
868 1866 922 1894 m.
951 1867 1012 1908 pr.
1048 1855 1206 1895 Medic.
1230 1865 1270 1896 et
1291 1855 1400 1896 Gud.
1460 1855 1632 1910 impendia
1652 1856 1773 1894 Rom.
1883 1851 1977 1896 681.
2009 1851 2082 1892 ude

432 1911 503 1969 sub
518 1921 652 1969 pestore
672 1916 822 1970 aliquot
841 1919 947 1957 Pier.
979 1927 1019 1958 et
1052 1918 1102 1959 fic
1128 1921 1189 1972 pr.
1214 1920 1361 1960 Hamb.
1419 1920 1489 1976 sub
1522 1921 1644 1960 cortice
1671 1918 1849 1959 Parthas.
1900 1918 1989 1957 duro
2005 1914 2080 1971 sub

441 1978 559 2018 robore
590 1980 730 2033 vulgg.
766 1995 829 2034 ap.
866 1982 1051 2022 Macrob.
1080 1984 1155 2030 VI,
1182 1983 1221 2030 6,
1250 1984 1317 2024 sed
1348 1992 1388 2024 et
1419 1983 1476 2023 ibi
1494 1981 1657 2022 Thuan.
1689 1990 1770 2022 vet.
1788 1981 1866 2022 udo.
1978 1978 2076 2019 682.

441 2043 587 2096 Stuppa
606 2044 751 2083 Medic.
780 2044 925 2097 aliique
945 2045 1177 2085 vetustiores
1194 2046 1395 2094 scribunt3
1423 2053 1464 2085 et
1483 2045 1538 2085 est
1561 2043 1702 2088 ςὺπτη.
1758 2058 1897 2085 movens
1916 2044 2097 2095 Hugen..

442 2106 618 2160 lentusque
644 2123 672 2147 c.
705 2109 784 2147 duo
810 2110 965 2157 Burni„
991 2110 1108 2150 male.
1162 2111 1340 2168 lentusque
1358 2112 1483 2150 carinis
1516 2108 1665 2151 Hamb.
1687 2121 1745 2163 pr.
1859 2107 1952 2156 685.
1984 2107 2079 2147 ‘Tum

433 2180 544 2223 pater
574 2172 706 2223 Sprot.
757 2173 970 2228 humerg'sque
993 2186 1054 2225 pr.
1088 2174 1240 2215 Hamb.
1298 2174 1480 2218 excindere
1508 2171 1656 2212 Medic.
1708 2170 1880 2226 abscidere
1910 2173 2076 2222 Menag.

441 2246 503 2286 pr.
526 2233 636 2273 Vols.
654 2248 716 2288 pr.
751 2243 792 2274 et
813 2238 952 2278 Franc.
985 2236 1101 2291 (adde
1124 2239 1388 2293 Romanum),
1418 2251 1466 2276 ex
1492 2244 1685 2290 perpetua
1704 2233 1937 2277 variatione.
1967 2233 2078 2276 conf.

443 2298 586 2338 Heins.
619 2298 660 2338 h.
681 2298 708 2340 l.
751 2309 792 2339 et
828 2314 868 2340 v.
905 2301 990 2354 sup.
1027 2304 1102 2353 IV,
1130 2315 1229 2352 425.
1263 2316 1357 2356 590.
1393 2304 1547 2355 Georg.
1583 2302 1636 2349 11,
1663 2297 1936 2351 age-«689.
1966 2299 2086 2359 clqffes

448 2359 612 2400 Zulich.
643 2371 684 2400 et
711 2362 826 2404 codd.
862 2363 1015 2416 aliquot
1039 2366 1145 2406 Pier.
1203 2367 1312 2421 clqffis
1344 2365 1414 2412 alii
1444 2365 1524 2404 duo
1556 2365 1697 2410 Burm.
1721 2364 1820 2403 cum‘
1839 2361 1966 2403 Goth.
1988 2370 2085 2404 tert.

441 2426 575 2480 elqffem
588 2425 710 2466 Wall.
735 2439 757 2464 a
773 2440 827 2465 m.
847 2424 921 2467 sec.
944 2427 1026 2467 vid.
1045 2427 1095 2469 ad
1108 2427 1178 2470 lib.
1197 2431 1271 2478 Vl,
1292 2428 1360 2480 67,
1388 2437 1429 2469 et
1447 2428 1532 2469 haec
1551 2428 1685 2469 reste:
1721 2426 1789 2467 sed
1805 2435 1847 2467 et
1869 2425 2082 2481 vulgatum

444 2488 763 2541 bene.—-—690.
795 2492 890 2545 Jam
911 2502 956 2547 p.
986 2491 1165 2534 Parthas.
1222 2494 1397 2539 ‘Teucrum
1427 2505 1542 2538 tenues
1579 2490 1706 2542 Wau.
1760 2493 1873 2536 tenuis
1905 2505 1996 2533 nunc
2028 2504 2084 2533 res

443 2555 620 2596 Teucrum
651 2558 755 2596 Ven.

517 2655 803 2718 680—684.
852 2656 1017 2704 Ornati
1056 2658 1222 2709 versus.

450 2727 567 2767 vires
610 2721 826 2769 indomitas
868 2737 926 2768 ex
971 2721 1226 2771 Homerico

450 2788 673 2842 ἀκάματον
705 2791 801 2849 πῧς.
867 2788 944 2834 udo
964 2786 1052 2849 sub
1074 2787 1226 2845 robore,

454 2849 537 2895 sub
571 2848 756 2895 materia
790 2850 975 2915 desuper
1005 2852 1135 2915 aquis
1157 2853 1228 2900 in-

449 2911 579 2975 jefiis
594 2913 1138 2980 irrigata,vivit(pulchre
1149 2932 1234 2981 pro

454 2977 607 3033 durat,
637 2978 788 3039 ignem
818 2979 916 3039 alit)
929 2983 1106 3044 stuppa,
1138 2996 1229 3044 qua

428 3063 429 3066 ¹
453 3040 747 3089 coaffatorum
760 3042 992 3106 tignorum
1009 3046 1231 3107 junclurae
1292 3067 1294 3070 ’

454 3105 626 3167 stipatae
645 3103 765 3155 sunt.
831 3121 973 3171 vapor
990 3124 1074 3172 pro
1094 3109 1227 3156 flam-

454 3186 527 3219 ma
550 3181 594 3215 et
616 3169 741 3231 igne,
775 3170 979 3219 Lucretii
1000 3174 1227 3237 exemplo,

455 3243 507 3278 ut
521 3237 660 3291 ἀϋτμὴ
680 3251 750 3298 ap.
775 3234 967 3284 Homer.
991 3236 1054 3285 cf.
1069 3237 1226 3285 Guell.

455 3295 566 3361 685.
585 3297 773 3345 AEneam
796 3301 1145 3363 reprehendebat
1158 3301 1231 3348 vir

453 3359 628 3417 docius‚
669 3363 792 3425 quod
811 3364 869 3410 ad
889 3381 1040 3428 preces
1062 3365 1226 3414 otiosas

451 3424 680 3488 confugit,
715 3442 818 3473 cum
842 3428 1065 3482 auxilium
1097 3429 1226 3487 navi-

454 3486 539 3538 bus
574 3489 688 3539 ferre
721 3489 919 3544 deberet.
987 3493 1100 3544 Non
1137 3510 1231 3544 me-

1306 2661 1500 2707 minerat
1531 2675 1576 2713 v,
1613 2658 1710 2720 684
1742 2656 1832 2711 Nec
1862 2660 1983 2708 vires
2010 2655 2084 2704 be-

1307 2744 1419 2776 roam
1454 2727 1670 2788 itgfusaque
1689 2723 1878 2784 flumina
1900 2724 2088 2791 proficui.

1310 2787 1660 2837 Praestruendu'm
1678 2801 1796 2833 nunc
1817 2797 1912 2842 erat
1929 2785 2087 2849 prodi-

1309 2852 1441 2916 gium
1478 2862 1525 2898 et
1562 2849 1708 2898 caussa
1743 2848 1908 2896 idonea
1942 2855 2085 2914 appo-

1310 2918 1476 2971 nenda,
1513 2931 1596 2961 cur
1631 2913 1778 2962 imber
1815 2911 1977 2966 effusus
2013 2913 2086 2962 in-

1311 2981 1475 3029 cendia
1493 2978 1792 3044 extingueret.

1374 3046 1486 3094 688.
1501 3052 1654 3156 sgiem
1675 3043 1724 3090 h.
1760 3042 1795 3090 1.
1834 3037 2086 3099 miseratio,

1307 3124 1396 3172 qua
1431 3109 1497 3156 mi
1544 3107 1632 3158 rias
1664 3107 1886 3154 humanas
1919 3121 2088 3154 numen

1308 3172 1508 3238 respicit.
1572 3171 1690 3223 Mox
1710 3170 1835 3218 letum
1849 3167 1982 3221 docte
2001 3185 2087 3234 pro

1311 3237 1497 3286 excidio
1531 3248 1577 3284 et
1605 3234 1840 3291 interitu,
1866 3244 1913 3281 et
1949 3233 2087 3284 simili

1311 3302 1450 3349 mo‘do
1471 3301 1624 3366 paullo
1645 3299 1742 3364 post
1771 3305 1905 3351 morti.
1970 3296 2089 3347 Bur-

1307 3382 1459 3415 mann.
1482 3364 1620 3413 nimis
1640 3373 1829 3428 argute:
1867 3360 1978 3424 quia
2004 3362 2086 3427 de-

1306 3429 1476 3477 bebant
1496 3427 1616 3480 verti
1634 3428 1684 3480 in.
1716 3425 1954 3491 nymphas,
1984 3440 2089 3488 quae

1308 3493 1428 3543 mori
1469 3491 1560 3544 non
1597 3484 1854 3542 debebant.
1936 3488 2086 3603 Αῐςὲιέ
