2372 4030
332 261 463 337 DE
515 269 825 371 CARMa
858 271 1146 341 EPICO
1197 253 1552 349 v1Ro1L.
1618 305 1867 357 xxx111

233 471 423 534 mum
451 452 516 516 *.
613 450 712 521 Ita
765 449 944 516 enim
994 450 1426 542 consequutus
1466 458 1554 524 est
1601 459 1752 542 hoc,
1790 473 1884 532 ut·

233 564 574 649 materiam
598 561 858 629 haberet
889 562 1244 652 copiosam,
1295 591 1414 633 nec
1463 571 1713 653 rudem,
1763 578 1871 645 sed

229 675 488 770 poetica
514 680 894 747 tractatione
949 680 1028 745 ab
1061 682 1203 747 aliis
1251 682 1395 772 jam
1449 685 1777 759 subactam
1807 712 1871 761 et

199 785 202 789 i
231 793 314 861 ad
335 795 592 885 epicam
623 794 1005 884 dignitatem
1033 817 1104 858 ac
1130 795 1267 861 vim
1286 803 1865 874 accommodatam.

231 906 541 985 Personas
574 922 636 972 et
675 905 1095 984 charactereS,
1143 905 1354 976 mores
1404 936 1476 977 ac
1530 912 1700 982 facta
1727 920 1870 1009 jam

226 1021 485 1089 aliunde
512 1038 688 1101 nota,
737 1023 1215 1100 commendata,
1263 1026 1604 1095 constituta
1644 1057 1717 1097 ac
1756 1034 1870 1098 de-

227 1128 439 1221 finita,
516 1143 836 1232 optaverit
903 1141 1019 1207 fibi
1067 1150 1261 1232 poeta
1307 1144 1749 1239 unusquisque
1780 1151 1861 1236 ᾧ.

179 1305 181 1307 >
226 1256 417 1322 Illud,
435 1280 585 1322 vero
606 1255 684 1321 ad
714 1256 1209 1345 intelligendum
1228 1258 1508 1346 proclive
1527 1259 1647 1338 est,
1666 1286 1867 1351 quam
1976 1329 1979 1332 ,

225 1370 529 1461 expedita
558 1394 630 1436 ac
662 1369 869 1435 facilis
902 1368 1025 1435 effe
1058 1370 1283 1435 debeat
1315 1373 1502 1461 copia
1519 1397 1866 1439 ornamen-

222 1498 441 1549 torum
465 1499 527 1549 et
550 1482 986 1573 episodiorum
1028 1483 1097 1548 in
1148 1484 1261 1548 tali
1313 1502 1693 1573 argumento
1726 1502 1863 1551 tam

129 1598 131 1603 ’
222 1599 349 1674 late
380 1597 523 1665 fuso
554 1615 615 1664 et
644 1615 900 1688 patente
930 1630 953 1675 3
1024 1599 1200 1688 quod
1257 1597 1475 1688 ipsum
1531 1601 1866 1666 Homerus

224 1727 335 1777 aut
355 1712 519 1779 vidit
548 1729 656 1779 aut
688 1710 896 1786 sensit,
943 1735 1097 1776 cum
1125 1735 1207 1777 ex
1238 1728 1375 1777 toto
1410 1712 1561 1778 belli
1593 1714 1865 1804 Trojani

224 1824 491 1892 decursu
522 1850 730 1892 unum
775 1823 1070 1902 heroem,
1121 1849 1329 1891 unum
1374 1824 1652 1904 factum,
1700 1828 1862 1892 sele-

221 1941 340 2030 git,
372 1938 660 2029 adeoque
690 1932 962 2005 infinitis
989 1939 1129 2004 aliis
1162 1939 1350 2004 rebus
1382 1964 1464 2004 ex
1493 1940 1670 2006 istius
1703 1940 1861 2006 belli

219 2053 483 2121 historia
511 2054 590 2119 ad
619 2052 1067 2119 exornandum
1103 2071 1162 2118 et
1196 2054 1729 2144 amplificandum
1755 2080 1857 2121 ar·-

218 2184 611 2258 gumentum
656 2171 831 2234 recte
885 2168 983 2232 uti
1031 2167 1267 2257 potuit.
1370 2168 1518 2233 Hoc
1567 2193 1698 2234 uno
1742 2167 1858 2233 suo

210 2281 464 2372 judicio
495 2282 779 2373 plurima
809 2282 1114 2372 praeclara
1143 2281 1449 2347 carminis
1497 2280 1590 2348 sui
1636 2281 1853 2372 praefi-

182 2396 327 2479 *dria
358 2414 420 2464 et
472 2398 834 2465 uberrimos
886 2397 1137 2464 fructus
1186 2398 1331 2463 tulit
1375 2400 1595 2466 Mam.
1698 2399 1856 2465 Non

220 2537 427 2580 novus
458 2529 520 2578 et
550 2512 813 2603 ignotus
846 2511 934 2577 est
961 2511 1311 2576 lectoribus
1358 2535 1570 2577 rerum
1616 2511 1856 2601 prisca-

217 2626 366 2696 rum
397 2628 626 2694 notitia
655 2627 874 2717 aliqua
904 2626 1174 2692 imbutis
1226 2625 1440 2703 herOS,
1491 2626 1669 2715 cujus
1722 2624 1852 2690 fata

218 2743 328 2808 ille
359 2743 657 2833 exponit,
706 2766 825 2807 nec
856 2741 1299 2831 Trojanorum
1344 2765 1587 2805 nomen
1613 2764 1682 2805 ac
1713 2738 1848 2805 for-

218 2871 374 2935 tuna
401 2872 535 2922 tam
568 2855 855 2933 obscura,
887 2856 1067 2947 quin
1096 2855 1174 2920 ab
1205 2856 1393 2921 initio
1420 2855 1630 2920 statim
1656 2853 1849 2919 mise-

215 2971 471 3045 ratione¹
521 2970 880 3079 afficiamur
940 2984 1004 3035 et
1071 2969 1330 3036 virtutis
1403 2966 1844 3034 admiratione.

280 3160 311 3200 {t
344 3161 458 3217 Vid.
494 3185 604 3219 mox
646 3166 847 3234 Disquiss
882 3170 955 3224 11‘,
1009 3179 1057 3218 et
1093 3168 1283 3217 Excurs.
1320 3170 1346 3217 I
1370 3167 1429 3216 ad
1448 3167 1529 3218 lib.
1553 3165 1622 3221 ΙΙ,
1656 3163 1848 3214 Excurs.

217 3244 365 3294 XVII
384 3244 443 3292 ad
459 3261 501 3292 e.
521 3245 553 3292 1.
577 3257 626 3293 et
642 3246 704 3298 ab
723 3246 815 3295 loc.

276 3376 308 3422 ÷
343 3377 414 3426 Eo
429 3377 634 3442 spestant
649 3379 799 3428 versus
817 3378 1064 3430 Horatiani
1078 3379 1127 3428 in
1146 3375 1236 3444 Ep.
1254 3377 1313 3426 ad
1338 3374 1485 3426 Pison.
1507 3387 1562 3439 13
1574 3387 1614 3420 1.
1639 3384 1724 3436 131
1744 3369 1842 3434 sqq·

210 3447 388 3510 ch‘iius
408 3446 591 3506 Iliacum
612 3466 650 3502 C.

675 3554 701 3596 1
964 3607 967 3609 ,
1547 3526 1850 3591 Deorum,
