2294 4030
589 246 739 308 AD
807 233 1281 309 LIBR'UM
1345 244 1470 312 ιιι-
1729 270 1853 336 299

191 419 316 508 ςίριιι
337 433 411 470 res
431 416 654 481 exposita.
722 415 851 465 Mihi
887 415 949 466 de
985 414 1066 465 illo
1087 416 1215 470 loco,
1249 433 1342 482 quo
1379 417 1534 483 primo
1571 419 1736 471 obtutu
1765 422 1841 472 ni-

163 477 286 550 «hl
285 488 538 547 murdim
576 492 666 540 effe
703 491 877 556 potest,
900 507 1007 542 eum
1045 491 1229 540 Helena
1270 492 1518 556 optimates
1551 497 1844 547 Achivorum

177 565 455 627 nominibus
493 567 748 633 compellat
789 583 909 616 voce
967 583 1166 630 uxorum
1211 568 1482 625 affimulata,
1536 572 1603 619 ita
1641 573 1838 622 statuenss

167 638 304 698 firm
327 643 530 698 videtur,
561 654 632 697 ut,
642 640 916 705 suspicione
954 641 1015 690 de
1055 641 1252 690 conditis
1293 642 1341 691 in
1378 643 1514 709 Equo
1539 647 1734 696 Achivis
1767 648 1838 696 se-

166 719 284 781 {nel
324 731 447 775 orta,
478 718 665 768 Helena
701 717 957 774 accefferit,
990 729 1038 766 et
1070 718 1204 766 varia
1220 720 1512 777 tentaverit,
1547 739 1641 786 quo
1684 724 1837 772 effice-

126 831 128 834 ψ
176 803 283 861 με,
317 806 387 852 ut,
420 795 504 861 qui
542 793 706 843 inclufi
749 794 909 849 essent,
942 793 1124 842 feminae
1165 764 1245 842 fibi
1289 795 1451 842 amicae
1490 795 1534 843 se
1569 798 1836 861 proderent.

26 851 58 940 *st
125 867 127 869 ’
180 871 357 938 Itaque
395 887 488 922 non
521 869 664 918 modo
702 867 747 916 se
783 868 1004 934 suumque
1048 885 1218 917 nomen
1250 870 1437 933 profata
1475 869 1689 936 suamque
1724 889 1838 938 erga

186 946 421 1002 Achivos,
453 945 701 1012 populares
736 944 859 1000 suos,
894 944 1267 992 benevolentiam
1306 956 1354 994 et
1389 945 1440 993 in
1468 945 1704 1010 pristinum
1735 965 1837 997 ma-

166 1003 332 1074 'fitam
362 1021 500 1070 fidem
534 1020 860 1070 intemeratam
893 1021 1053 1068 testata
1088 1022 1168 1074 est,
1204 1037 1367 1068 verum
1400 1020 1540 1069 etiam
1565 1023 1737 1071 reditus
1769 1024 1836 1072 sui

184 1097 247 1149 ad
286 1096 498 1146 Achivos
531 1107 578 1146 et
603 1095 652 1144 in
694 1095 930 1144 Graeciam
966 1094 1242 1143 desiderium
1267 1098 1673 1152 commemoravit,
1708 1099 1834 1162 quod

182 1171 267 1223 fibi
299 1188 547 1221 commune
585 1171 694 1219 effet
732 1187 839 1220 cum
880 1170 1100 1219 uxoribus
1147 1170 1439 1219 Achivorum
1474 1172 1597 1236 apud
1634 1173 1835 1235 Trojam

22 1227 29 1255 ἰ
127 1287 129 1289 .
174 1246 526 1304 rdefidentium3
561 1246 739 1311 quippe
775 1263 876 1311 quae
910 1246 1032 1294 votis
1072 1246 1376 1311 precibusque
1415 1247 1591 1296 affiduis
1631 1249 1834 1298 reditum

185 1322 462 1374 maritorum
509 1333 800 1386 expeterent.
889 1323 1006 1386 Qae
1047 1334 1096 1369 ut
1142 1334 1273 1370 tanto
1328 1322 1478 1387 magis
1519 1323 1577 1370 ad
1617 1325 1832 1372 affeetum

181 1397 470 1448 movendum
525 1399 667 1445 essent
733 1397 875 1452 dicta,
925 1396 1170 1444 mulierum
1230 1397 1435 1452 istarum,
1499 1398 1671 1463 quippe
1717 1417 1830 1463 quas

179 1473 296 1524 olim
332 1473 581 1523 familiares
619 1473 701 1521 fibi
739 1474 983 1528 habuerat,
1033 1473 1141 1538 ipsa
1171 1474 1332 1528 verba,
1366 1475 1642 1538 blandasque
1685 1477 1831 1523 mari-

176 1559 335 1599 torum
377 1549 562 1597 suorum
606 1548 986 1612 compellationes
1038 1547 1263 1611 vocesque
1321 1547 1439 1595 adeo
1507 1549 1566 1595 ad
1614 1548 1829 1597 desiderii

30 1678 37 1685 ,
67 1643 71 1651 «
120 1613 439 1687 -’Ῑιιιιοιὶί“ςιιε
476 1621 860 1687 significationem
889 1622 1165 1686 compositas
1199 1622 1425 1670 imitatur.
1492 1624 1598 1671 Nec
1632 1624 1830 1672 multum

176 1698 357 1751 aberat,
391 1695 502 1761 quin
543 1713 600 1743 ea
645 1714 718 1745 res
757 1695 1000 1745 succeffum
1046 1696 1253 1744 haberet.
1330 1696 1557 1745 Omnium
1581 1698 1703 1746 enim
1728 1699 1830 1747 ani-

172 1774 263 1823 mis
289 1772 611 1822 recordatione
649 1785 697 1821 et
743 1772 1034 1821 miseratione
1070 1773 1327 1837 conjugum
1363 1773 1626 1822 relifiarum
1666 1775 1826 1832 motis,

177 1849 314 1907 multi
333 1849 378 1898 se
400 1849 481 1906 vix
503 1848 822 1903 continebant,
857 1847 970 1912 quin
992 1848 1183 1895 Helenae
1201 1847 1543 1911 responderent,

648 1985 1149 2048 EXCU'RSUS
1219 1998 1368 2047 vm.

590 2085 686 2142 De
727 2090 872 2142 noffle
914 2080 1159 2163 Trojanis
1181 2084 1418 2160 funesta.

237 2201 312 2254 II,
348 2216 374 2247 2
382 2215 444 2264 50
466 2198 565 2263 sqq.
606 2200 807 2249 Vertitur
829 2202 992 2246 interea
1014 2198 1162 2246 coelum
1200 2214 1241 2247 et
1280 2206 1370 2249 ruit
1411 2202 1578 2250 Oceano
1612 2222 1693 2252 nox
1729 2216 1820 2256 etc.

169 2273 398 2322 Praeiviss'e
421 2272 622 2320 Ennium
641 2272 813 2319 Annal.
839 2273 913 2320 VI
941 2275 1140 2321 Vertitur
1180 2279 1343 2322 interea
1380 2275 1527 2323 coelum
1557 2296 1645 2323 cum
1677 2283 1823 2342 ingen-

169 2347 287 2400 tibus
290 2350 435 2414 fignis
458 2346 732 2395 Macrobius
772 2347 867 2401 VI,
908 2362 925 2393 1
957 2346 1252 2404 observavit;
1287 2348 1336 2396 id
1378 2350 1502 2413 quod
1541 2363 1721 2399 tantum
1760 2354 1821 2401 ad

54 2423 63 2500 ζ
153 2421 318 2471 ,verba
346 2421 568 2486 pertinet,
603 2421 662 2469 de
700 2421 865 2488 quibus
905 2438 955 2481 v,
999 2421 1097 2485 sup.
1143 2424 1261 2472 Exc.
1298 2425 1368 2471 II.
1437 2426 1560 2472 Rem
1597 2426 1694 2488 jam
1714 2427 1820 2476 Les-

166 2496 278 2559 §hes
333 2496 577 2551 docuerat,
627 2492 723 2561 qui*
754 2496 878 2543 suam
931 2494 991 2543 de
1038 2496 1188 2560 Troja
1229 2510 1368 2560 capta
1403 2498 1712 2548 narrationem
1759 2502 1819 2550 fic

167 2583 276 2630 'erat
328 2574 486 2623 Orsus:
535 2574 627 2632 Νὺξ
671 2578 744 2632 μὲν
779 2576 840 2623 ἐήν
883 2576 1042 2632 μέσα-η,
1092 2575 1272 2637 hamatgia
1326 2574 1368 2620 δ’
1418 2577 1615 2622 ἐπέτελλε
1656 2579 1817 2632 σελήνη,

103 2655 106 2659 ’
129 2664 133 2692 ῑ
160 2644 359 2717 'quando
382 2649 524 2720 Sinon
549 2647 704 2696 facem
726 2649 917 2703 sustulit,
931 2649 1054 2712 apud
1076 2649 1229 2705 Schol,
1247 2649 1487 2714 Lycophr.
1515 2666 1627 2713 344.
1696 2651 1821 2699 Om-

164 2725 279 2777 nino
313 2737 468 2772 tamen
504 2722 736 2788 Virgilius
778 2721 1053 2785 Euripidem
1092 2736 1199 2770 ante
1229 2723 1387 2783 oculos
1431 2724 1594 2772 habuit
1633 2725 1816 2774 Troad.

58 2779 61 2783 Δ
114 2796 120 2843 ἶ
162 2781 264 2868 '542
287 2797 389 2864 sqq.
441 2796 581 2845 Adde
599 2797 794 2845 chorum
817 2795 1026 2845 Hecubae
1050 2813 1146 2861 914
1170 2796 1266 2861 sqq,
1336 2797 1444 2846 Alia
1470 2798 1528 2844 de
1548 2798 1636 2845 hac
1662 2801 1815 2854 ιιοᾶὶε,

143 2916 146 2918 ,
261 2890 317 2923 ue
354 2871 508 2921 mense
569 2884 618 2920 et
670 2888 792 2920 anno
847 2871 1091 2919 tradentur
1128 2872 1210 2920 ins.
1251 2872 1310 2919 ad
1348 2872 1429 2920 lib.
1474 2874 1552 2920 III
1599 2874 1716 2922 Exc.
1761 2876 1814 2924 ΙΙ

118 2955 251 3014 ῆῃι,
319 2947 495 2997 Facem
531 2945 734 2995 diximus
787 2962 814 2994 a
868 2945 1040 2994 Sinone
1083 2946 1325 3003 sublatam,
1361 2952 1463 3011 quae
1506 2947 1712 3012 vulgaris
1751 2951 1816 2997 est

27 3048 35 3054 ’
160 3018 408 3084 ιιιιιιιίος
437 3019 684 3085 legebatur
707 3020 785 3068 illa
821 3036 1004 3083 quoque
1039 3019 1088 3067 in
1126 3021 1304 3068 Aretini
1346 3019 1546 3082 Excidio
1582 3022 1679 3075 Ilii,
1715 3034 1763 3070 ut
1785 3039 1814 3070 e

153 3094 333 3154 Prode
367 3095 576 3145 discitur.
613 3107 666 3145 at
689 3094 773 3144 inf.
798 3096 907 3143 AEn.
931 3097 1026 3150 VI,
1067 3111 1159 3161 517
1202 3095 1262 3147 ab
1295 3096 1478 3145 Helena
1511 3096 1682 3144 fastum
1703 3114 1814 3146 nar-

110 3156 310 3245 figatur.
365 3171 654 3235 Conjunxit
689 3182 936 3235 utrumque
980 3171 1250 3236 Tryphiod.
1297 3174 1393 3235 498
1432 3171 1532 3235 sqq.
1571 3184 1619 3219 et
1658 3173 1812 3234 potuit

128 3243 287 3325 Jaue
298 3245 505 3298 alterum
524 3247 625 3310 post
661 3246 858 3294 alterum
892 3245 1008 3294 fieri.
1077 3245 1156 3292 Ab
1197 3246 1434 3293 Antenore
1468 3245 1618 3294 facem
1654 3246 1809 3295 subla-

111 3297 291 3398 {fiam
299 3333 352 3370 et
384 3321 543 3371 alvum
583 3319 693 3384 equi
729 3331 943 3385 apertam
983 3319 1065 3368 alii
1102 3319 1422 3368 tradiderant:
1457 3318 1612 3368 Schol.
1651 3319 1812 3384 Lyco-

126 3384 272 3476 plu·
297 3411 411 3481 349⁶
477 3393 580 3445 At
566 3411 616 3443 ιιι
649 3395 744 3446 hoe
762 3394 861 3459 1pso
887 3394 993 3444 loco
1025 3393 1094 3450 II,
1119 3399 1230 3460 256.
1263 3409 1355 3458 257
1381 3394 1534 3450 facem
1558 3393 1690 3442 navis
1722 3394 1815 3443 im

122 3459 402 3555 φειδιοιίι
439 3469 812 3539 Agamemnonis
855 3454 1061 3524 extulisse
1099 3468 1300 3532 dicitur:
1325 3470 1533 3534 flammas
1570 3473 1816 3631 campa-{fg
