2294 4030
331 278 338 284 ⁴
397 276 540 410 2136
761 273 1395 399 ExcUR‘sUs
1480 321 1697 395 XVIII.

402 507 568 559 nuper
597 498 664 546 ih
683 498 950 558 memoriam
973 498 1170 556 revocati
1195 498 1320 553 fuere
1353 499 1608 564 fragmento
1629 512 1658 547 a
1681 495 1962 550 Ruhnkenio
1994 491 2064 553 V

425 571 491 623 C.
512 574 766 624 retrastato.
788 573 850 622 cf.
872 573 1010 622 Notae
1028 575 1084 621 ad
1118 572 1340 638 Apollod.
1362 591 1408 639 p.
1445 586 1540 639 532
1554 570 1671 641 sqq.
1709 570 1846 622 Illud
1869 569 2065 630 mireris,

426 648 584 709 quod
566 665 660 710 Jam
685 648 959 721 Lycophron
979 649 1177 697 fabulam
1195 648 1312 696 hanc
1338 643 1494 697 Troili
1516 644 1835 713 interpolatam
1853 644 2066 710 sequutus

404 723 512 770 *esse
532 723 825 773 videturl.1.
845 737 892 773 et
924 726 1034 772 Arae
1070 726 1226 771 auctor
1265 722 1499 778 carminis,
1542 714 1695 788 quod
1704 722 1823 774 inter
1861 719 2066 771 Simmiae

426 800 829 860 παίιγναῇεϋεωι·
895 799 1123 858 Caeterum
1157 799 1382 864 Virgilius
1416 799 1568 848 Troili
1606 800 1772 848 caedem
1808 797 1882 846 ita
1904 805 2067 845 narrat

429 885 476 920 et
498 877 676 931 traciat,
721 890 770 923 ut
810 875 848 922 i's
881 891 985 922 cum
1023 873 1207 922 Achille
1228 875 1479 940 congressus
1509 874 1691 926 vulnere
1723 882 1910 937 accepto
1931 887 2069 925 curru

431 947 670 1005 exciderit,
687 950 883 1016 pedibus
913 961 1060 996 tamen
1099 949 1167 997 ita
1203 949 1464 1014 impeditus,
1485 961 1536 996 ut
1554 949 1737 1014 supinus
1767 965 1794 996 e
1821 962 1955 995 curru
1986 944 2068 998 de·²

430 1021 576 1086 lapsus
590 1024 785 1087 abequis
800 1024 1448 1088 raptaretur(comparailiad,
1473 1022 1513 1089 ξ,
1537 1039 1617 1085 42.
1642 1025 1747 1085 43),
1769 1038 1875 1069 cum
1897 1021 2070 1068 interea

431 1112 516 1144 nec
535 1098 701 1147 hastam
722 1116 801 1146 nec
824 1099 950 1146 frena
972 1116 997 1145 e
1020 1097 1225 1146 manibus
1241 1099 1521 1158 dimitteret;
1554 1098 1708 1162 itaque
1743 1096 1865 1145 hasta
1897 1094 2073 1144 inversa

434 1186 517 1238 per
538 1183 700 1220 terram
740 1175 879 1220 tracia
921 1172 1111 1220 sulcos
1098 1189 1147 1219 1n
1186 1175 1364 1237 pulvere
1394 1159 1572 1221 trafflm
1606 1171 1826 1227 faciebat3
1860 1169 1944 1218 nifi
1966 1187 2074 1233 cum

438 1248 594 1295 Servio
612 1265 716 1295 eum
739 1248 865 1295 malis
887 1248 1052 1308 hastam
1089 1248 1313 1305 Achillis,
1353 1265 1442 1313 qua
1480 1260 1575 1307 erat
1610 1245 1863 1300 transfixus,
1897 1242 2077 1292 traxisse

436 1325 613 1372 vulneri
636 1324 945 1380 inhaerentem‚
984 1325 1256 1387 exquisitius
1278 1307 1458 1375 autem:
1485 1325 1635 1388 pulvis
1669 1321 1907 1386 inscribitur
1935 1321 2078 1386 hesta,

438 1417 594 1463 quam,
614 1411 664 1461 ut
687 1399 974 1464 hastczst·ri!>at
994 1408 1036 1451 in
1061 1401 1258 1468 pzclvqre.
1325 1399 1478 1450 Aliter
1517 1399 1678 1462 Dictys
1716 1399 1749 1447 1.
1781 1397 1815 1444 l.
1853 1397 1994 1444 Dares
2030 1413 2078 1461 c.

445 1493 527 1538 33,
589 1475 807 1538 Josephus
831 1475 1008 1521 Iscanus
1032 1475 1123 1531 VI,
1150 1481 1242 1539 289
1264 1473 1362 1538 sqq.
1433 1475 1697 1540 Tragoediae
1718 1473 1875 1537 Troili
1897 1472 2082 1538 nomine

443 1550 672 1615 inscriptae
692 1549 820 1597 fuere
839 1549 951 1598 olim
974 1550 1228 1615 Sophoclis,
1259 1562 1305 1597 et
1326 1549 1537 1612 aliorum.

838 1743 1418 1793 EXCURSUS
1486 1743 1680 1805 ΧνἹΠ.ι

740 1868 835 1927 De
862 1867 1091 1927 Heaore
1115 1871 1255 1927 circa
1282 1865 1493 1950 Trqjam
1520 1877 1751 1946 raptato·

430 2076 432 2079 y
510 2016 554 2074 I,
577 2019 638 2082 48
647 2033 689 2079 3.
725 2016 815 2065 Ter
845 2026 993 2067 circum
1026 2020 1175 2068 Iliacos
1213 2032 1473 2083 raptaverat
1507 2021 1688 2067 Heaora
1723 2035 1855 2068 muros
1894 2008 2093 2080 Achilles.e

448 2092 748 2140 Observatum
774 2105 818 2140 et
851 2093 927 2141 hic
962 2108 1005 2142 et
1039 2095 1097 2141 ad
1122 2095 1377 2142 Homerum
1404 2096 1497 2158 jam
1533 2094 1591 2141 ab
1619 2093 1721 2141 aliis
1748 2092 1873 2154 (add.
1909 2091 2092 2156 wernfi

449 2167 503 2213 d<
516 2167 564 2212 rf
586 2167 645 2214 V.
670 2167 729 2214 C.
754 2168 810 2214 ad
836 2167 962 2232 Epit.
989 2168 1122 2217 Iliad.
1151 2168 1198 2216 P.
1226 2169 1299 2216 M.
1342 2169 1405 2228 T.
1439 2169 1532 2224 IV,
1568 2186 1613 2232 p.
1657 2172 1792 2234 742),
1835 2165 2094 2214 Homerum

433 2239 615 2304 'raptati
637 2242 760 2288 circa
784 2243 971 2304 Trojam
1001 2242 1211 2289 Heeioris
1244 2259 1335 2290 non
1371 2242 1635 2290 meminiss'e.
1692 2242 1754 2300 ¹T
1755 2258 1804 2288 er
1824 2239 1948 2287 circa
1969 2238 2097 2292 urbis

451 2332 605 2361 muros
624 2314 740 2379 fugit
764 2316 939 2363 Hestor
960 2315 1113 2378 (Iliad.
1136 2339 1194 2379 χ,
1222 2321 1356 2379 208),
1378 2317 1511 2367 caesus
1530 2329 1679 2366 autem
1711 2334 1737 2365 e
1769 2333 1905 2364 curru
1928 2316 2098 2380 ligatus

450 2389 601 2436 statim
631 2391 685 2435 ad
711 2397 841 2437 na'ves
863 2387 1075 2446 trahitur,
1097 2408 1140 2438 v.
1175 2390 1308 2438 Iliad.
1335 2414 1393 2456 χ,
1434 2408 1525 2455 399
1559 2392 1647 2457 sq„
1677 2391 1757 2440 ubi
1790 2404 1857 2454 ter
1889 2388 2098 2454 quotidie

451 2460 575 2514 circa
598 2462 791 2508 Patrocli
812 2463 1037 2508 tumulum
1061 2475 1233 2527 raptare
1246 2480 1347 2511 eum
1368 2465 1535 2513 solebat
1560 2465 1784 2522 Achilles,
1805 2465 1926 2512 Iliad
1955 2486 2005 2522 ω,
2039 2481 2099 2530 ¹4.

452 2532 549 2597 sqq.
577 2533 793 2582 ”fractum
816 2534 960 2598 igitur
980 2535 1193 2583 Hectoris
1217 2538 1404 2607 cadaver
1425 2539 1548 2587 circa
1571 2557 1724 2588 muros
1738 2552 1815 2587 aut
1833 2538 1913 2587 uni
1929 2554 1984 2586 ex
2005 2538 2100 2601 Cy-

455 2608 584 2654 elicis
597 2622 672 2655 aut
690 2625 746 2655 ex
764 2609 979 2672 Tragicis
1001 2610 1153 2657 deberi
1174 2624 1302 2674 puto,
1322 2612 1403 2676 qui
1426 2613 1580 2660 omnia
1600 2615 1693 2662 fere
1705 2613 1818 2662 belli
1833 2610 1967 2661 Iliaci
1984 2612 2102 2675 faeta

449 2682 594 2729 'variis
614 2683 761 2730 rncdis
782 2685 967 2731 tractata
981 2699 1027 2732 et
1049 2700 1206 2732 ornata
1239 2703 1323 2750 pro
1356 2688 1533 2736 consilii
1556 2689 1728 2737 ratione
1764 2689 1876 2754 saepe
1913 2684 2103 2736 inflexe-

452 2770 556 2805 rant
577 2769 621 2804 et
639 2759 930 2806 variaverant.
958 2778 999 2806 v.
1018 2760 1206 2808 Excurs.
1229 2763 1288 2811 ad
1320 2762 1428 2810 AEn.
1452 2763 1518 2819 ΙΙ,
1542 2781 1609 2828 pr.
1682 2763 1824 2812 Fuere
1845 2775 1997 2815 autem
2016 2763 2104 2810 hu-

451 2828 528 2894 jus
549 2832 808 2895 argumenti
831 2845 912 2878 tra
902 2828 1067 2896 goediae
1098 2835 1208 2883 olim
1230 2837 1377 2901 plures
1399 2837 1625 2902 AEschyli,
1664 2837 1964 2895 Timesrthei,
1983 2836 2105 2885 Dio-

459 2904 576 2966 nyfii
601 2905 639 2950 ’1
649 2922 676 2966 )
683 2905 831 2962 ranni,
856 2905 894 2951 F
901 2906 1017 2962 unii,
1029 2912 1158 2957 ‘'Em-o
1140 2931 1202 2972 οοξ
1205 2933 1223 2957 ς
1244 2913 1382 2974 >tha-gez
1395 2911 1646 2996 inscriptae,
1677 2911 1871 2961 aliorum
1895 2913 2106 2982 Πξιάιμοςξ

456 2980 514 3027 A
519 3003 572 3043 A,
563 2982 674 3028 Λλε’
653 3004 710 3029 υ.ς
776 2980 1002 3046 Virgilius
1036 2995 1186 3032 tamen
1217 2985 1430 3050 inprimis
1450 2998 1554 3035 ante
1575 2987 1732 3035 oculos
1763 2987 1962 3050 habuisse
1985 2984 2108 3035 vide-

458 3063 536 3101 tur
558 3054 846 3118 Euripidem,
885 3072 1017 3119 quem
1049 3058 1166 3108 inter
1202 3073 1388 3109 caeteros
1421 3061 1500 3109 ille
1529 3062 1760 3126 probavit,
1795 3063 2024 3110 Androm.
2061 3077 2106 3109 v-

465 3146 574 3196 105.
602 3132 706 3179 106.
775 3131 912 3178 Hanc
950 3133 1122 3183 Ennius
1159 3135 1344 3184 latinam
1379 3136 1570 3194 fecerat,
1612 3154 1760 3202 exque
1798 3155 1852 3186 ea
1893 3138 1975 3186 hic
2011 3132 2107 3202 ipse

458 3205 587 3252 locus
615 3205 672 3250 de
693 3205 941 3253 miserabili
963 3207 1177 3256 Hectoris
1196 3209 1318 3256 caede
1340 3208 1559 3274 superest:
1594 3228 1640 3260 v.
1673 3209 1855 3294 Fragm.
1880 3209 2024 3259 Ennii
2055 3225 2105 3274 Ρ.

462 3290 601 3424 12139.
647 3277 722 3326 Est
738 3295 795 3327 ex
817 3297 871 3346 ea
886 3296 978 3330 vox
995 3281 1154 3349 sonora
1174 3294 1217 3331 et
1230 3281 1466 3350 splendida
1483 3298 1741 3353 raptaverat
1760 3284 1917 3360 petita.
1938 3282 2002 3334 cf.
2010 3279 2110 3333 inf.

555 3368 667 3418 272.

723 3523 810 3575 ᾳ·
1672 3496 1718 3579 J
1835 3470 2123 3571 ''sq‘fi‘2'X2
