2372 4030
242 371 244 382 Ι
358 275 1543 383 TRACTAT.1NVENT10NE.
1646 311 1846 362 Lxxv

205 451 292 520 ad
324 448 739 542 popularium
767 449 1022 516 animos
1053 453 1418 524 maximam
1447 458 1585 526 vim
1609 460 1844 534 habere

208 567 440 660 potest.
536 542 672 634 'Etfi
725 564 945 652 itaque
985 563 1152 631 inter
1205 565 1470 637 Graecos
1518 571 1846 666 scriptores

211 704 492 773 magnus
546 694 680 749 erat
724 703 798 745 ea
845 679 925 745 de
971 703 1038 747 re
1068 680 1399 759 diffensus,
1445 708 1599 755 cum
1630 707 1849 763 tamen

211 797 506 864 Romani
543 792 882 886 scriptores
916 793 994 863 de
1026 797 1461 889 Trojanorum
1490 803 1562 868 in
1592 805 1848 879 Italiam

209 911 494 979 adventu
530 911 849 1002 Albaeque
885 913 1133 1004 Longae
1158 914 1514 1006 originibus
1547 917 1849 991 abAEnea

210 1025 477 1118 ejusque
508 1027 818 1116 progenie
837 1028 1121 1117 repetitis
1141 1052 1276 1095 uno
1299 1054 1409 1096 ore
1440 1033 1756 1102 traderent
1776 1041 1843 1115 *‚

197 1141 346 1234 jure
373 1141 485 1208 suo
516 1143 712 1210 Maro
745 1141 1035 1209 fabulam
1068 1140 1235 1209 hanc
1296 1146 1466 1214 inter
1513 1150 1848 1221 Romanos

209 1258 597 1326 celebratam
627 1257 927 1350 praeferre
951 1261 1200 1328 caeteris
1230 1264 1447 1352 potuit
1494 1288 1567 1330 ac
1598 1264 1842 1334 debuit.

303 1487 434 1554 III.
489 1490 873 1580 Antequam
926 1490 1007 1556 ad
1048 1492 1172 1558 alia
1220 1491 1734 1583 progrediamur,
1781 1492 1850 1559 de

204 1603 326 1669 loco
356 1600 677 1667 Homerico
736 1595 925 1686 supra
978 1613 1343 1662 memorato
1396 1621 1599 1687 pauca
1632 1599 1847 1669 adhuc

206 1715 652 1782 monebimus,
775 1709 1067 1777 Produnt
1121 1710 1399 1776 Homeri
1449 1713 1636 1779 verba
1696 1715 1845 1784 satis

205 1843 423 1918 aperte
456 1847 733 1915 regnum
755 1821 1048 1913 aliquod,
1100 1821 1279 1911 quod
1309 1824 1552 1890 AEneas
1582 1827 1846 1920 ejusque

78 2016 81 2017 ⁷
201 1939 441 2034 posteri
496 1938 930 2004 obtinuerant.
1032 1934 1363 2001 Homerus
1421 1937 1667 2028 itaque,
1724 1944 1843 2032 qui

92 2137 98 2140 ,
199 2057 469 2149 propior
522 2068 705 2121 aetate
736 2051 818 2120 ad
868 2051 1151 2142 Trojana
1181 2066 1473 2143 tempora
1502 2055 1691 2134 vixit,
1740 2055 1841 2127 fa-

203 2199 412 2251 mam,
463 2188 536 2240 ut
568 2171 748 2247 solet,
798 2170 1091 2263 aliquam
1145 2170 1259 2236 illo
1289 2186 1584 2261 tempore
1617 2170 1836 2263 super-

199 2291 416 2360 stitem
446 2314 521 2355 ea
550 2288 630 2355 de
659 2312 725 2355 re
753 2286 1066 2378 sequutus
1095 2285 1184 2352 est
1209 2318 1231 2363 3
1278 2286 1396 2352 nifi
1422 2287 1587 2355 forte
1619 2288 1751 2379 ipse
1770 2291 1838 2358 in

195 2396 537 2477 itineribus
606 2401 738 2470 suis
818 2401 890 2468 in
961 2397 1247 2492 posteros
1302 2403 1535 2469 AEneae
1589 2404 1836 2475 incidit.

204 2522 419 2590 Fuiffe
449 2546 726 2613 regnum
757 2520 925 2586 illud
950 2519 1017 2585 in
1042 2544 1114 2584 ea
1138 2517 1274 2609 ipsa
1297 2502 1579 2598 Troade,
1615 2522 1682 2587 in
1707 2546 1835 2613 qua

198 2637 496 2704 Priamus
527 2651 921 2727 regnaverat,
969 2659 1043 2701 ea
1086 2633 1175 2700 est
1205 2634 1553 2701 verborum
1583 2635 1834 2703 senten-

196 2753 314 2829 tia,
361 2776 514 2843 quae
545 2750 914 2843 legentibus
970 2752 1192 2816 locum
1254 2749 1467 2839 prima
1514 2750 1785 2815 occurrit
1804 2780 1830 2827 3

200 2882 399 2958 atque
428 2870 520 2937 ita
546 2886 788 2936 veteres
818 2870 1039 2936 locum
1087 2867 1234 2934 sunt
1294 2867 1682 2956 interpretati
1730 2870 1829 2956 (v.

202 2968 418 3050 Strab.
449 2983 637 3062 XIII,
667 3009 737 3077 p.
770 2985 907 3052 608
940 2985 1027 3064 C,
1057 2983 1190 3077 906
1224 2984 1309 3056 A,
1342 2982 1651 3072 Almel.).
1699 2979 1829 3044 Or-

196 3113 353 3165 nata
375 3100 574 3172 etiam
601 3102 692 3171 est
721 3103 1001 3170 narratio
1023 3099 1198 3188 apud
1229 3096 1445 3165 Schol.
1478 3095 1560 3162 ad
1588 3119 1646 3160 e.
1673 3093 1720 3159 l.
1747 3112 1830 3157 ex

200 3203 511 3281 Aeufilao
603 3212 720 3280 ubi
746 3227 1145 3279 memoratur
1172 3213 1392 3277 Venus
1420 3222 1683 3298 propter
1703 3205 1832 3272 hoc

198 3358 210 3434 s
269 3397 299 3423 ¹·
334 3391 407 3439 Ut
426 3392 628 3457 p.LXX
647 3390 1033 3448 declax-atumem
1064 3405 1112 3438 v·
1135 3386 1262 3454 inpr.
1287 3378 1417 3438 Sext.
1433 3383 1594 3434 Aurel.
1618 3381 1744 3434 Via.
1768 3380 1831 3430 de

194 3465 268 3519 0.
292 3465 360 3517 G.
383 3468 450 3519 R.
1605 3490 1633 3537 ·.
1680 3490 1682 3492 >

1614 3523 1827 3615 ipsum
1913 3527 1925 3544 *
