2294 4030
695 258 843 329 AD
904 256 1549 330 LIBRUMVP.
1794 272 1922 348 795¹

276 426 512 487 variariut,
542 440 595 480 ut
624 429 790 479 Seneca
830 430 974 480 Herc.
1013 431 1104 480 fur.
1147 432 1240 497 658
1275 431 1395 497 sqq„
1428 447 1547 481 nunc
1569 447 1661 481 non
1681 445 1905 480 curamus.

275 500 492 551 Tentavit
514 503 612 567 jam
631 505 754 554 idem
775 505 991 569 Spencius
1009 518 1055 554 et
1075 506 1281 569 Jortinus
1303 505 1417 556 Diff.
1455 506 1547 563 VI,
1561 524 1608 572 p.
1632 527 1659 560 2
1666 509 1724 573 58
1747 515 1908 570 praeter

272 575 386 623 alios
406 577 559 646 Intpp.
625 579 861 627 Nonnulla
881 578 1045 626 iterum
1070 579 1274 629 trastavit
1295 579 1577 629 Wernsdorf.
1601 580 1663 629 V.
1687 581 1746 629 C.
1772 578 1904 626 Poeta

273 644 386 698 min.
421 651 513 701 To,
551 653 600 700 II
623 653 811 700 Excurs.
849 651 1047 701 XVIII..
1105 654 1194 701 Res
1214 671 1316 701 cum
1339 671 1419 718 per
1445 654 1490 702 se
1511 659 1602 702 non
1623 653 1799 703 inutilis
1820 653 1905 700 esse

270 727 412 788 potest
450 728 508 775 ad
546 733 696 793 poetae
727 727 1161 792 interpretationem,
1195 741 1290 776 tum
1310 745 1419 776 vero
1438 729 1573 777 etiam
1597 731 1653 777 iis
1672 741 1799 794 grata
1820 729 1912 777 effe·

269 797 422 855 debet,
437 799 517 867 qui
539 799 702 848 Dantis
719 800 971 856 Infernum,
991 802 1154 864 partim
1177 817 1236 849 ex
1257 801 1468 860 Marone,
1506 819 1596 866 quo
1616 803 1654 850 is
1675 805 1792 851 duce
1814 802 1905 850 uti-

270 881 364 929 tur,
385 875 653 939 expreffumt
675 885 771 922 tum
796 873 933 922 etiam
958 874 1151 922 aliorum
1173 880 1408 938 poetarum
1426 876 1525 924 loca
1545 892 1801 942 comparare
1819 893 1903 924 vo-

266 944 383 994 lunt.
450 946 521 994 Ita
541 947 677 995 Silius
700 946 840 1004 XIII,
876 947 969 1012 526
987 947 1084 1011 sqq.
1106 959 1250 994 totam
1272 946 1522 997 inferorum
1553 950 1901 1014 descriptionem

267 1019 479 1074 variavit,
511 1020 665 1068 decem
688 1021 852 1085 portis,
885 1032 930 1067 et
944 1021 1092 1084 septis,
1110 1033 1240 1085 puto,
1262 1022 1312 1069 in
1332 1022 1389 1070 iis
1411 1023 1687 1080 constitutis3
1728 1037 1777 1072 ut
1801 1026 1903 1072 Pla-

264 1092 386 1140 tonis
408 1093 568 1142 circuli
591 1106 694 1141 ante
713 1095 867 1142 oculos
890 1093 1015 1140 fuiffe
1034 1093 1302 1150 videantur;
1340 1096 1460 1143 unde
1481 1096 1617 1142 etiam
1638 1097 1817 1145 Servius
1842 1099 1900 1146 ad

265 1180 310 1214 vr.
331 1169 427 1229 426
450 1168 548 1232 suos
569 1185 732 1216 novem
751 1168 945 1216 circulos
975 1168 1146 1215 duxisse
1163 1168 1366 1223 videtur,
1389 1170 1467 1216 etfi
1490 1171 1638 1217 al‘leno
1660 1188 1684 1217 a
1707 1169 1902 1234 Virgilii

262 1255 413 1289 mente
435 1233 721 1306 commento.
776 1243 926 1291 'Certe
961 1259 1122 1290 novem
1159 1243 1321 1290 Dantis
1355 1242 1577 1291 anfraRus
1613 1245 1670 1291 ad
1703 1243 1902 1295 Platonis

263 1310 545 1380 Virgiliique
566 1319 751 1368 duCtum
764 1318 958 1382 junilim
983 1316 1237 1365 adumbrati
1260 1317 1377 1365 sunt.
1444 1315 1570 1365 Nam
1591 1318 1754 1365 Silium
1774 1319 1829 1367 ab
1845 1336 1901 1369 eo

259 1385 421 1435 lestum
445 1392 528 1439 effe
548 1391 727 1440 dubito.
1772 1384 1773 1387 Ἰ

328 1461 422 1510 Via
453 1465 635 1527 quidem
669 1465 814 1530 prima
846 1480 926 1529 per
960 1463 1233 1527 speluncam,
1267 1479 1374 1510 mox
1397 1463 1635 1515 immensas
1656 1481 1735 1530 per
1756 1465 1901 1527 filvas,

261 1534 492 1600 calignoso
518 1540 647 1595 caelo,
670 1538 864 1587 ducebat
885 1538 943 1584 ad
967 1554 1159 1587 amnem.

325 1610 382 1658 In
407 1621 542 1676 primo
580 1615 690 1662 Orci
719 1617 840 1661 aditu
873 1615 1103 1675 (πςοοίςειον
1143 1609 1333 1667 dixeris,
1365 1616 1513 1676 poetae
1533 1612 1777 1677 vestibulum
1798 1616 1900 1675 est),

259 1682 464 1749 citraque
524 1687 1068 1741 AcherontemsLueius,
1124 1687 1272 1738 Curae,
1306 1684 1468 1742 Morbi,
1502 1688 1710 1744 Seneez‘us,
1741 1688 1902 1756 Metus,

261 1758 428 1820 Fames,
461 1762 647 1828 Egestas,
672 1764 840 1819 Letum,
862 1763 1023 1818 Labor,
1059 1763 1200 1824 Sopor,
1234 1761 1351 1809 mala
1386 1761 1574 1818 Gaudia,
1608 1762 1789 1818 Bellum,
1813 1766 1903 1811 Eu-

258 1836 450 1892 menides,
475 1836 706 1902 Dg‘scordiae
727 1836 876 1886 sedem
897 1834 1059 1882 habere
1082 1834 1294 1882 dicuntur
1316 1851 1361 1882 v.
1428 1851 1483 1900 27
1493 1837 1674 1896 3—281
1699 1837 1903 1903 elegante

246 1899 445 1969 'myth03
479 1911 580 1974 quis
601 1911 721 1963 enim
745 1926 835 1958 non
859 1909 1086 1974 intelligat
1105 1907 1187 1954 effe
1209 1909 1303 1954 haec
1328 1909 1463 1962 mala,
1488 1909 1652 1972 quibus
1674 1910 1805 1958 Mors
1828 1925 1911 1961 ar-·

255 1983 450 2039 ceffitur,
473 2003 662 2051 quaeque
684 1986 811 2039 illam
830 1985 901 2035 vel
917 1984 1194 2031 'antecedunt
1216 1983 1286 2030 vel
1309 1982 1607 2030 comitantur!

320 2057 377 2114 In
411 2061 564 2107 medio
584 2063 750 2109 Somnia
768 2060 816 2107 in
839 2060 963 2107 ulmo
997 2057 1271 2113 nidulantia‚
1306 2057 1362 2104 ad
1390 2059 1583 2106 Homeri
1606 2060 1808 2113 dubium.
1848 2079 1897 2112 v.

255 2131 377 2181 Not.
417 2133 476 2180 ad
517 2136 785 2196 282—284.
823 2132 961 2180 Porro
989 2131 1096 2180 hinc
1121 2131 1229 2178 inde
1260 2131 1353 2178 haec
1376 2133 1477 2180 loca
1501 2144 1652 2180 tenent
1675 2135 1902 2192 Centauri,

255 2206 426 2271 qullae,
459 2210 682 2264 Briareus,
718 2209 888 2273 Hydra,
922 2208 1161 2260 Chimaera,
1197 2207 1421 2276 Gorgones,
1456 2207 1679 2272 Harpyiae,
1717 2211 1898 2275 Geryon,

253 2298 298 2329 v.
340 2283 612 2344 282-289,
647 2280 729 2328 ubi
751 2299 796 2328 v.
831 2282 947 2329 Not.
972 2280 1028 2327 ad
1054 2284 1112 2328 28
1119 2295 1164 2342 5.
1232 2278 1435 2326 Omnino
1453 2279 1539 2326 hoc
1564 2280 1766 2344 proclive
1786 2285 1897 2340 fuit,

236 2355 487 2421 ¹poetarum
503 2355 577 2402 seu
590 2355 843 2418 sapientum
866 2353 1038 2400 animos
1060 2353 1108 2399 in
1129 2352 1215 2398 hoc
1238 2352 1495 2415 phantasma
1517 2354 1761 2410 incurrere,
1780 2371 1828 2404 ut
1846 2359 1897 2407 in

251 2429 380 2478 aditu
428 2431 488 2479 ad
531 2429 813 2481 Umbrarum
854 2431 958 2479 loca
990 2427 1296 2494 phantasmata
1338 2426 1416 2476 ista
1449 2439 1495 2476 et
1529 2431 1722 2477 monstra
1754 2434 1899 2481 collo-

248 2515 429 2554 carent.

309 2576 576 2626 Perventum
607 2578 668 2629 est
693 2576 765 2624 ·ad
785 2597 947 2625 amnem
963 2593 979 2622 :
1008 2592 1144 2640 quem
1167 2578 1264 2639 384
1284 2576 1469 2640 Stygem,
1505 2591 1597 2640 295
1620 2578 1896 2631 Acherontem

244 2663 396 2701 vocat.
463 2651 537 2698 De
557 2651 643 2698 hoc
668 2667 775 2699 mox
798 2650 1027 2715 sigillatim
1044 2649 1354 2712 dispiciemuS,
1388 2649 1574 2696 Excurs.
1601 2649 1695 2698 IX.
1766 2654 1888 2702 Peti-

246 2738 345 2776 tum
367 2727 425 2775 est
450 2724 714 2791 phantasma
734 2725 823 2772 hoc
845 2742 870 2772 a
890 2723 1039 2792 regnis
1069 2740 1121 2770 ac
1151 2720 1414 2785 provinciis,
1448 2739 1637 2788 quarum
1676 2726 1783 2774 fines
1804 2747 1885 2792 per

248 2817 415 2866 magna
454 2798 643 2855 flumina
680 2811 913 2867 reguntur.
981 2797 1053 2844 Ex
1096 2796 1348 2862 priscorum
1391 2802 1626 2859 poetarum
1668 2800 1887 2862 opinione

246 2863 456 2927 Oceanus
492 2887 711 2923 terrarum
751 2874 907 2922 orbem
952 2888 1077 2920 more
1115 2872 1260 2922 amnis
1293 2869 1493 2920 ambiens
1527 2873 1578 2918 in
1615 2873 1892 2929 occidentali

245 2962 392 3023 parte,
424 2948 542 2998 Solis
562 2947 833 3005 occidentis,
857 2946 1040 3003 Noctis,
1061 2944 1239 3000 Somni,
1270 2945 1403 3000 πόθε,
1425 2956 1523 2992 tum
1544 2945 1765 3007 Elysium,
1788 2963 1889 2999 tan..

245 3027 350 3074 dem
373 3026 549 3074 aditum
572 3025 630 3073 ad
649 3026 751 3077 loca
773 3025 916 3072 infera
940 3023 1202 3076 continebat
1227 3019 1308 3082 (cf.
1349 3021 1522 3084 Opusc.
1554 3020 1620 3070 T.
1656 3022 1699 3079 I,
1720 3042 1766 3088 p.
1791 3043 1883 3092 397

244 3098 397 3164 sqq.):
439 3099 645 3151 Flumine
677 3112 827 3148 autem
856 3101 982 3147 circa
1015 3099 1192 3145 Orcum
1221 3096 1377 3151 dusto,
1409 3097 1558 3144 aditus
1578 3114 1669 3145 non
1690 3115 1784 3149 erat
1802 3103 1889 3155 nifi

243 3173 352 3226 navi
373 3173 597 3238 trajiceres
609 3190 622 3228 3
646 3174 705 3221 ad
726 3174 842 3221 hanc
864 3173 1107 3237 regendam
1125 3171 1333 3225 inventus
1352 3169 1565 3234 portitor.
1614 3172 1888 3224 Praetermit-

243 3248 384 3306 timus
416 3247 492 3311 de¹
508 3245 740 3294 Charonte
775 3263 954 3294 monere
975 3245 1178 3293 nondum
1201 3242 1259 3290 ab
1277 3241 1484 3290 Homero
1507 3259 1778 3306 memorato,
1815 3248 1882 3300 cf.

207 3378 219 3387 N
243 3320 342 3387 sup.
367 3321 426 3369 ad
445 3338 491 3370 v.
510 3336 626 3385 417,
647 3333 693 3368 et
710 3322 768 3369 de
786 3321 1117 3386 insepultorum
1130 3315 1303 3368 umbris
1329 3317 1388 3371 ab
1408 3316 1554 3373 amnis
1574 3321 1758 3385 trajectu
1777 3340 1891 3392 prm

244 3391 426 3461 bibitis.
448 3394 574 3464 conf,
592 3394 653 3444 ad
674 3412 720 3451 v,
744 3411 860 3466 3252
1508 3406 1510 3408 ·
1956 3426 1961 3436 .

913 3522 915 3524 .
1044 3480 1085 3541 a
1288 3528 1295 3534 „
1741 3467 1901 3526 Tum
