2294 4030
440 292 564 380 64‘4
895 293 1525 359 EXCURSUS
1590 296 1626 357 1

924 718 963 766 E
1000 718 1046 766 X
1080 717 1123 766 C
1158 717 1209 766 U
1242 717 1287 764 R
1321 716 1351 764 S
1387 717 1438 766 U
1471 718 1502 764 S
1551 717 1614 767 'I-

759 882 934 959 Super
957 880 1153 939 AEneae
1178 879 1372 957 acceffit
1398 879 1475 937 ad
1497 873 1759 940 Siciliam.

437 1008 516 1102 B
534 1069 550 1099 1
566 1069 585 1099 s
617 1051 816 1100 AEneam
841 1046 898 1095 ad
925 1045 1139 1096 Siciliam
1159 1047 1380 1096 acceffiffe
1397 1057 1555 1096 narrat
1578 1048 1739 1112 poeta,
1760 1043 1968 1109 primum
1984 1056 2091 1094 cum

434 1125 562 1174 littus
581 1125 724 1172 Italiae
744 1122 979 1171 inferioris
1002 1133 1051 1169 et
1076 1120 1250 1170 Siciliae
1273 1117 1501 1170 orientale
1525 1122 1852 1187 praeterveetus
1875 1118 2092 1184 Drepani

432 1214 621 1266 portum
639 1199 857 1252 intrasset,
880 1197 962 1246 lib.
983 1198 1085 1252 III,
1110 1213 1225 1261 707.
1262 1196 1369 1245 add.
1405 1187 1674 1261 DionysssI,
1701 1213 1796 1261 523
1830 1205 1876 1243 et
1898 1193 2092 1248 iterum,
2187 1238 2190 1240 ,
2259 1178 2277 1235 [³³

434 1293 541 1325 cum
561 1273 849 1339 Carthagine
867 1286 914 1322 et
937 1274 996 1321 ab
1016 1273 1193 1322 Africae
1208 1272 1368 1321 littore
1392 1269 1599 1328 evectus,
1621 1284 1672 1320 ut
1687 1269 1875 1320 Italiam
1893 1280 2092 1333 peteret,

434 1353 580 1400 ventis
605 1352 804 1406 adverfis
828 1350 887 1397 ad
913 1350 1082 1398 Siciliae
1104 1349 1234 1397 littus
1264 1349 1552 1398 occidentale
1576 1349 1683 1397 effer
1706 1345 1921 1411 rejectum
1989 1345 2091 1394 Te'-

433 1429 575 1477 nebat
610 1440 708 1476 tum
740 1427 819 1474 illa
853 1426 958 1474 loca
989 1427 1173 1488 Acestes,
1209 1436 1260 1473 ut
1289 1423 1521 1491 Virgilius
1556 1424 1733 1480 scribit,
1772 1423 1849 1471 veI
1880 1421 2091 1488 Egestes,

434 1505 647 1569 Egestus,
673 1518 699 1548 a
723 1517 817 1565 quo
848 1500 956 1547 urbs
979 1501 1155 1565 Egesta,
1180 1500 1373 1563 AEgesta
1395 1499 1473 1547 vel
1501 1499 1672 1563 Segesta
1696 1496 1927 1562 appellari
1947 1497 2091 1560 coepit

441 1584 514 1642 (v.
547 1580 646 1644 post
667 1577 780 1625 alios
820 1577 1072 1626 Burmann.
1112 1576 1313 1624 Secund.
1347 1574 1406 1623 ad
1446 1574 1682 1623 Numism.
1713 1573 1810 1622 Sic.
1848 1588 1897 1637 p.
1942 1571 2089 1637 394);

430 1655 638 1722 Virgilio
662 1656 813 1716 Acesta
836 1653 902 1707 V,
928 1656 1043 1716 718,
1083 1652 1209 1716 quod
1233 1665 1391 1701 tamen
1419 1668 1589 1700 nomen
1613 1663 1661 1699 et
1684 1649 1946 1714 Stephanus
1969 1649 2088 1713 Byz,

427 1734 570 1781 habet
593 1732 639 1780 in
663 1732 828 1782 Ἀκέςη.
903 1729 980 1776 Ab
1004 1729 1094 1777 hoc
1129 1729 1295 1777 Aceste
1331 1729 1505 1776 AEneas
1535 1727 1741 1792 benigne
1764 1725 1966 1790 hospitio
2002 1743 2088 1775 ex·

428 1822 591 1873 ceptus
616 1807 757 1856 socios
774 1819 820 1854 et
838 1823 982 1860 naves
1007 1805 1190 1854 refecit.
1249 1803 1364 1852 Erat
1388 1804 1515 1854 enim
1529 1805 1608 1854 ille
1631 1803 1848 1866 Trojano
1865 1801 2088 1868 sanguine

425 1884 664 1938 oriundus,
699 1880 873 1945 quippe
906 1898 932 1928 e
957 1880 1170 1943 Trojana
1193 1880 1387 1936 femina,
1431 1879 1490 1929 de
1515 1898 1607 1945 qua
1630 1879 1761 1928 varie
1784 1878 2001 1934 traditur,
2036 1879 2087 1928 iu

428 1960 634 2008 Siciliam
655 1958 810 2004 delata
835 1969 881 2004 et
904 1973 930 2003 a
957 1957 1159 2005 Crimiso
1183 1956 1327 2006 fluvio
1352 1958 1626 2022 compressa,
1651 1955 1882 2019 susceptus
1904 1974 1916 2004 ε
1952 1973 2002 2004 v.
2017 1948 2087 2012 V,

427 2041 508 2101 38.
538 2053 598 2100 39
644 2027 781 2082 ‘Troia
802 2034 984 2093 Crimisa
1009 2046 1241 2096 conceptum
1249 2035 1434 2095 flumine
1454 2047 1595 2080 mater
1615 2034 1751 2096 Quem
1766 2036 1948 2097 genuit3
1983 2049 2087 2097 quae

423 2110 730 2175 antiquiffima
752 2108 927 2173 ignotae
945 2107 1092 2171 stirpis
1110 2106 1399 2156 deducendae
1423 2107 1545 2156 ratio
1560 2108 1642 2160 est,
1664 2120 1716 2155 ut
1733 2124 1900 2172 parens
1917 2106 2087 2158 edatur

422 2187 591 2236 fluvius
615 2185 655 2248 ej
665 2203 711 2232 us
733 2197 886 2238 terrae,
910 2182 957 2231 in
983 2201 1073 2248 qua
1091 2200 1206 2248 gens
1230 2182 1387 2248 aliqua
1404 2182 1558 2231 sedem
1582 2183 1763 2231 habuit.
1831 2183 1999 2249 Itaque
2012 2187 2082 2232 di-

421 2268 550 2310 ‘vince
551 2266 709 2327 stirpis
723 2261 887 2324 Acestes
906 2259 1165 2323 appellatur
1187 2260 1255 2314 V,
1275 2275 1388 2322 712.
1429 2260 1466 2307 F
1472 2259 1633 2308 abulas
1648 2259 1707 2307 de
1725 2260 1887 2330 Aceste
1909 2260 2090 2324 plures„

420 2338 481 2386 ad
508 2354 622 2402 quas
654 2334 784 2382 numi
824 2350 1009 2397 quoque
1047 2333 1172 2398 apud
1198 2335 1419 2382 Parutam
1446 2345 1494 2383 et
1528 2333 1818 2382 Dorvillium
1853 2334 2083 2391 alludunt,

420 2412 531 2461 vide
551 2410 673 2475 apud
691 2411 825 2458 Serv.
851 2408 908 2455 ad
928 2410 971 2463 I,
999 2408 1114 2474 546.
1142 2409 1210 2463 V,
1237 2424 1316 2472 30.
1367 2409 1479 2457 Alia
1496 2410 1720 2474 congessit
1735 2409 2081 2460 Cluver.Sicil.
2171 2413 2174 2416 ’

420 2499 519 2536 ant.
544 2486 613 2542 II,
639 2503 685 2533 2.
722 2484 810 2531 Sed
830 2484 880 2533 in
899 2483 1071 2532 summa
1097 2483 1364 2531 diverfitate
1388 2482 1627 2532 consensus
1651 2484 1703 2532 fit
1732 2483 1782 2532 in
1803 2485 1911 2541 hoc,
1954 2486 2082 2536 urbis
2135 2515 2139 2518 -

419 2561 617 2625 Segestae
639 2559 932 2609 conditorem
953 2559 1183 2608 creditum
1203 2559 1291 2606 effe
1313 2558 1597 2622 Trojanum,
1617 2571 1667 2608 et
1680 2547 1923 2621 ⁴Trojanos
1947 2564 2080 2612 colo-

417 2655 502 2688 nos
524 2638 760 2688 veteribus
783 2637 961 2686 Sicanis
977 2639 1027 2687 in
1045 2637 1118 2686 his
1140 2637 1252 2686 locis
1270 2637 1398 2686 fuiffe
1423 2637 1675 2688 admixtos·
1744 2638 1877 2688 Nota
1901 2657 1975 2689 res
2002 2641 2080 2691 vel

416 2732 479 2764 ex
507 2715 666 2763 Cicer.
701 2713 968 2770 Verr.·IV,
996 2731 1077 2778 33.
1141 2714 1413 2779 (Access'ere
1434 2731 1546 2763 mox
1579 2712 1739 2764 Graeci
1762 2715 1950 2764 coloni:
2000 2716 2080 2767 sed
2118 2773 2122 2776 ⁴

415 2791 494 2838 vel
528 2791 586 2839 fic
611 2807 688 2854 ap.
725 2789 949 2854 Thucyd.
985 2791 1080 2846 VI,
1120 2805 1172 2838 11
1214 2789 1380 2847 Nicias
1413 2806 1493 2839 eos
1528 2790 1752 2839 barbaros
1775 2792 1950 2855 apellat
1982 2794 2080 2858 πεςῖ

415 2867 639 2924 Ἐεγεςαίων
660 2865 806 2929 ἀνδρῶν
828 2867 1074 2930 βαςβάςων·
1135 2878 1182 2913 et
1205 2864 1267 2912 fic
1292 2882 1363 2913 res
1387 2863 1436 2914 se
1455 2866 1659 2914 habebat
1679 2865 1730 2914 in
1752 2866 1982 2932 plerisque
2006 2869 2077 2917 Si-

414 2940 530 2990 culis
554 2940 821 2991 civitatibus
843 2960 858 2998 ;
893 2957 994 3005 quae
1011 2957 1083 2989 res
1107 2939 1429 2989 diffenfionum
1450 2940 1662 2990 civilium
1677 2953 1907 3006 perpetua
1922 2945 2075 2993 cauffa

414 3026 465 3063 et
486 3016 590 3065 fons
611 3027 730 3070 erat,
753 3014 852 3064 vid.
874 3015 992 3065 ibid.
1018 3031 1063 3063 c.
1094 3015 1218 3079 17)·'
1272 3016 1417 3066 Recte
1440 3016 1577 3065 Silius
1603 3017 1747 3072 XIV,
1786 3033 1848 3083 45
1885 3018 2073 3083 Mfiue-

412 3104 516 3137 runt
539 3091 779 3154 Phrygiam
798 3091 959 3154 prolem
989 3088 1207 3156 Trojanus
1239 3091 1405 3156 Acestes
1438 3089 1729 3158 Trqjanusque
1751 3091 1949 3155 Helymus
1979 3107 2072 3144 etc.

415 3165 635 3216 Proxime.
654 3165 714 3214 ad
738 3169 890 3232 poe'tae
911 3166 1057 3218 verba
1082 3166 1252 3217 Strabo
1271 3166 1411 3224 ΧΠΙ,
1429 3185 1478 3232 p.
1502 3157 1598 3221 608
1624 3169 1681 3216 Β.
1717 3168 1754 3215 οἱ
1773 3168 1815 3217 δὲ
1845 3170 1982 3233 (φασὶ
1999 3172 2069 3220 τόι

413 3241 595 3302 Abda»)
642 3242 695 3289 εἷς
730 3244 913 3303 Αἷγέςαν
942 3247 1137 3306 κατ-ᾆξαι
1167 3248 1242 3293 τῆς
1280 3243 1493 3297 Σικελίας,
1541 3245 1613 3292 σὼ
1648 3243 1810 3309 Ἐλύμῳ
1831 3243 1961 3308 Τξωῗ,
1995 3247 2072 3294 καῖ

403 3304 560 3377 ”Equum
581 3315 654 3364 καὶ
673 3319 894 3372 Λιλύβαιον
915 3321 1181 3382 κατασχεῖν,
1205 3315 1280 3364 καῖ
1311 3318 1510 3376 varanes
1531 3318 1626 3382 πεξῖ
1647 3320 1832 3379 Αἷ-γὲςοιις
1851 3340 2066 3384 προσαγο·

411 3397 552 3451 gezo-aa
579 3393 841 3457 Σκάμανδςον
864 3392 938 3439 καῖ
956 3395 1176 3451 Σιμόεντα.
1245 3390 1498 3455 Dionyfius
1515 3411 1649 3450 vero,
1673 3406 1912 3460 tamquam
1932 3412 2065 3446 com-

411 3464 670 3514 muniorem
685 3467 1018 3522 narrationem,
1034 3466 1106 3514 his
1130 3480 1224 3515 non
1245 3465 1475 3515 diffimilia
1497 3469 1693 3534 exponit
1710 3469 1792 3518 lib.
1817 3469 1861 3525 1,
1883 3486 1971 3536 52,
1991 3471 2063 3523 se-

408 3539 614 3605 cundum
636 3557 740 3607 quae
766 3542 960 3608 Elymus
977 3554 1026 3601 et
1037 3542 1255 3611 AEgestus
1274 3540 1378 3606 jam
1392 3555 1500 3604 ante
1516 3545 1678 3611 Trojae
1697 3544 1928 3597 excidium
1947 3547 2062 3596 urbe

1755 3619 2061 3690 profugerant
