2372 4030
510 429 656 480 Lxx
785 401 1168 492 DISQH.
1209 404 1347 474 DE
1378 404 1596 475 ΚΕΗ.
1639 407 1745 476 IN
1787 407 1982 480 AEN.

508 578 908 669 Romanisque
924 538 1362 666 striptoribus)
1393 577 1705 669 pok‘tf'fqsue
1733 583 2030 671 eaepqsttas
2049 556 2156 648 ors-

507 694 1130 784 natqfquehssorias..
1194 692 1498 760 Poterant
1521 691 1647 760 hoc
1677 683 1902 775 docere
1925 693 2161 764 saltem

504 820 617 886 ea,¹
655 833 842 900 quae,
883 808 994 876 etfi
1027 807 1276 876 diverso
1308 809 1598 895 confiliO,
1631 812 1940 903 congeffit
1973 813 2156 901 Ryc-

503 919 652 988 kius
688 920 757 987 in
788 915 962 988 Diff.
991 920 1069 988 de
1099 921 1331 1011 primis
1381 911 1584 988 Italiae
1638 924 1887 991 colonis
1929 939 1992 990 et
2023 925 2154 991 AE-

503 1056 644 1117 neae
674 1031 955 1098 adventu
1002 1027 1119 1125 (ad
1147 1025 1391 1099 calcem
1425 1033 1752 1100 Holstenii
1786 1034 2038 1124 Notat.
2073 1032 2156 1101 ad

507 1143 817 1236 Stephan.
855 1139 1172 1239 Byzant.)
1263 1147 1597 1223 Praeterea,
1630 1148 1697 1214 id
1733 1148 1910 1246 qued
1940 1147 2164 1240 primo.

505 1260 652 1326 loco
715 1275 845 1326 erat
900 1261 1587 1347 commemorandum,
1657 1263 2031 1329 communis
2059 1249 2159 1327 'ac

508 1388 766 1458 tantum
791 1398 924 1441 non
944 1373 1128 1464 publi
1137 1398 1208 1440 ca
1231 1375 1346 1440 illa.
1372 1393 1501 1441 erat
1532 1377 1987 1442 Romanorum
2010 1355 2162 1466 per-

506 1486 734 1568 suafio,
786 1512 990 1580 quam
1043 1481 1386 1579 religiones
1446 1493 1698 1581 patriae,
1763 1491 2025 1558 Lavinii
2079 1489 2169 1557 ad

507 1604 743 1671 seriora
767 1602 972 1695 usque
1006 1619 1301 1699 tempo-ra
1323 1606 1626 1675 celebrari
1658 1605 1887 1681 solitae,
1936 1605 2161 1674 firma-

508 1719 702 1819 bant:
756 1742 820 1784 v.
852 1718 1060 1784 Strab.
1099 1718 1186 1796 V,
1237 1731 1391 1810 pag.
1444 1732 1572 1808 355
1637 1723 1721 1788 A.
1757 1708 1962 1789 ¹erant
1991 1720 2170 1794 sacra¹
2256 1791 2259 1793 ,

508 1832 861 1899 Penatibus
891 1850 952 1897 et
984 1831 1208 1899 Vestae
1238 1857 1274 1898 a
1308 1832 1792 1924 magistratibus
1837 1835 2162 1901 Romanis

510 1944 732 2013 faeta:
787 1946 1096 2012 Macrob.
1146 1948 1274 2047 Sat.
1315 1949 1440 2023 III,
1488 1972 1557 2033 4.
1594 1939 1682 2015 cf.
1719 1949 2025 2041 Dionysii
2057 1951 2161 2037 10.-

512 2084 667 2126 cum
702 2058 841 2149 sup.
879 2048 1119 2151 Disqu.
1151 2063 1204 2128 I.
1244 2060 1292 2127 s.
1333 2062 1456 2127 IX.
1481 2061 2171 2154 appofitumctStrab.

510 2175 629 2241 lib.
667 2175 756 2251 V,
780 2199 931 2265 pag.
972 2197 1099 2262 355
1138 2177 1228 2240 A.
1329 2170 1808 2256 Obversabatur
1837 2176 1996 2241 adeo
2019 2175 2162 2241 Ro-

512 2278 861 2367 manmjum
898 2290 1102 2351 oculis
1134 2287 1517 2379 auribusque
1548 2287 1783 2382 AEneae
1838 2290 2167 2382 Trojano-

512 2425 797 2493 rumque
860 2402 1220 2476 memoria3
1298 2426 1416 2468 nec
1491 2405 1692 2473 Maro
1756 2405 1919 2471 adeo
1987 2404 2203 2471 aliud‘

514 2531 981 2629 argumentum
1035 2517 1264 2583 clarius
1337 2534 1400 2583 et
1446 2519 1756 2586 illustrius
1800 2520 2167 2619 excogitare

514 2625 773 2740 potuit

612 2736 705 2814 II.
756 2747 1054 2826 Omnino
1101 2726 1373 2841 quidem
1425 2754 1495 2818 de
1548 2748 1773 2821 AEneae
1815 2780 1881 2820 m
1916 2754 2171 2821 Italzam

516 2861 786 2929 adventu
819 2861 1058 2931 fabulae
1089 2863 1166 2951 (fi
1169 2868 1464 2956 fabulam
1493 2868 1800 2947 dicimu8‚
1849 2888 1983 2935 non
2011 2865 2168 2936 fieta

516 2998 593 3042 ac
646 2979 1103 3045 commentitia-
1176 3003 1272 3046 res
1331 2982 1605 3070 ponitur
1624 3012 1653 3058 «ς
1740 2981 1847 3048 sed
1917 2981 2166 3063 fabula,

518 3127 592 3175 μυ
562 3107 692 3173 ῦῦος,
738 3115 1008 3158 omnem
1053 3109 1340 3161 veterem
1385 3093 1720 3163 historiam
1765 3113 1832 3163 et
1859 3099 2175 3164 narratio-r

519 3229 676 3273 nem
730 3231 767 3305 a
817 3208 1170 3299 majoribus
1231 3227 1564 3303 acceptam
1623 3211 1935 3302 defignat,
1985 3229 2170 3279 ante·-

521 3326 726 3411 ¹quam
756 3319 984 3389 litteris
1015 3321 1399 3414 confignari
1429 3337 1494 3390 et
1544 3321 1840 3392 sermone
1890 3325 2170 3417 pedestri

523 3435 766 3525 exponi
797 3427 1186 3532 coepiffet*),
1212 3436 1452 3529 hujus
1433 3436 1633 3530 lgitur
1660 3437 1902 3509 fabulae
1925 3437 2173 3544 fundus

872 3611 902 3640 '⁵
941 3614 1084 3681 [Vid.
1109 3615 1170 3666 ad
1194 3613 1472 3682 Apollodor.
1495 3629 1609 3683 pag.
1632 3628 1692 3683 91
1704 3616 1786 3685 1.)
1900 3682 1949 3753 h
1987 3680 2094 3754 bet

1952 3708 1988 3752 a
2059 3733 2064 3737 ·
2098 3708 2177 3755 Ul'
