2372 4030
527 366 630 431 tx
872 340 1707 436 ‚DISQJISITIO
1787 351 1842 422 1.

513 553 683 599 cum
753 548 918 598 ‘vera
1001 529 1313 597 utilitate,
1370 530 1728 621 conjuncta
1815 531 1908 600 est
1928 563 1954 611 3
2081 538 2180 605 uti

519 658 752 711 contra
825 641 1107 734 speciosa
1187 643 1407 734 aliqua
1468 634 1862 734 praestantia,
1938 663 2046 714 aut
2109 650 2179 717 i'n

523 762 751 852 aliquo
794 827 808 837 κ
833 775 1090 827 tantum
1152 784 1387 851 genere
1479 761 1858 841 constituta,
1951 766 2054 830 vel
2109 765 2179 831 in

521 874 836 966 adjuncto
895 875 1119 966 aliquo
1177 873 1448 950 inclusa,
1517 873 1889 966 speciosam⁴
1924 892 2179 944 tantum

520 1002 638 1053 aut
674 1081 675 1084 Ἴ
707 1009 789 1053 ex
848 1003 1050 1078 >parte
1126 985 1423 1055 haustam
1489 988 1911 1078 voluptatem
1968 989 2178 1068 affert,

523 1101 818 1193 adeoque
871 1104 1071 1169 etiam
1117 1105 1468 1172 utilitatem
1511 1103 1746 1172 iisdem
1777 1105 2023 1173 finibus
2055 1106 2183 1172 cir-

518 1215 1012 1309 cumscriptam.

618 1445 811 1515 XVI.
865 1442 1266 1511 Diffimilem
1296 1456 1517 1510 tamen
1548 1446 1822 1512 omnino
1860 1446 2180 1515 Homeri-

523 1581 753 1629 corum
777 1559 1050 1626 heroum
1076 1560 1258 1624 aiunt
1289 1558 1412 1625 effe
1436 1560 1714 1626 AEneam
1729 1592 1749 1636 3
1799 1558 2180 1630 inferiorem

522 1674 786 1741 Achille
810 1689 871 1739 et
897 1672 1118 1762 Ulysse
1141 1703 1163 1748 3
1186 1674 1334 1761 sola
1353 1674 1591 1761 pietate
1609 1676 1916 1763 insignem.
1997 1674 2187 1760 Qid

520 1793 774 1882 igitur?
850 1790 896 1856 fi
934 1790 1171 1857 AEneas
1223 1791 1381 1856 alter
1411 1789 1560 1855 effet
1598 1790 1943 1856 Achilles?
2025 1790 2184 1854 alter

519 1907 823 1998 Ulyffes?
891 1930 1107 1972 annon
1142 1905 1543 1996 exscriptum
1597 1907 1816 1995 potius
1870 1922 1933 1972 et
1969 1904 2181 1973 servili

521 2023 892 2092 imitatione
922 2018 1293 2111 expressum
1324 2043 1477 2084 eum
1512 2018 1752 2086 dicturi
1790 2018 1911 2084 fint
1940 2024 1966 2085 ἒ
2021 2017 2180 2084 Non

523 2157 648 2230 ego
682 2136 736 2202 is
766 2130 936 2211 sum,
990 2134 1104 2223 qui
1131 2156 1305 2198 caeco
1337 2134 1560 2224 aliquo
1593 2139 1806 2223 poetae
1841 2134 1973 2198 mei
1993 2155 2181 2198 amo-

520 2276 589 2322 re
621 2249 791 2319 nihil
812 2249 891 2316 ab
912 2272 988 2313 eo
1015 2265 1353 2339 peccatum
1384 2249 1506 2315 esse
1532 2249 1918 2315 contendere
1948 2249 2177 2322 velim.

525 2367 745 2438 Iliadis
801 2379 1265 2454 argumentum
1324 2362 1683 2432 feliciorem
1723 2365 2063 2432 materiam
2117 2378 2183 2428 et

520 2483 726 2574 epicae
758 2482 1088 2572 gravitatis
1123 2479 1298 2571 haud
1353 2483 1575 2571 paullo
1639 2483 1789 2572 plus
1846 2479 2082 2571 habere
2132 2478 2178 2546 fi

523 2600 676 2693 quis
710 2598 970 2672 dixerit,
1005 2622 1111 2663 me
1136 2596 1330 2664 habet
1355 2597 1798 2666 assentientem*
1809 2631 1831 2676 3
1881 2597 2178 2665 etdelec-

519 2727 626 2782 tor
656 2710 790 2802 ipse
823 2713 1030 2778 multo
1078 2713 1290 2803 magis
1328 2714 1608 2780 Homeri
1656 2715 1944 2780 lectione
1973 2718 2179 2804 quam

515 2830 786 2923 Virgilii
808 2861 829 2907 3
876 2845 1096 2921 regnat
1127 2831 1197 2896 in
1245 2831 1620 2898 Homericis
1653 2831 1957 2898 heroibus
1989 2830 2180 2893 natu-

518 2942 674 3012 'ralis
706 2940 1006 3020 affec'tUS,
1057 2944 1260 3010 animi
1293 2945 1605 3036 impetus,
1656 2943 1914 3035 injuriae
1945 2964 2176 3031 accep-

521 3072 606 3127 tae
636 3054 879 3134 sensUS,
931 3057 1192 3148 qualem
1247 3057 1476 3148 etipse
1510 3057 1741 3132 habe0‚
1789 3056 2177 3122 desiderium

521 3173 762 3241 reditus
793 3174 873 3240 ad
910 3175 1133 3251 Lares,
1185 3176 1377 3266 quale
1408 3172 1544 3266 ipse
1576 3168 1850 3240 sentiam
1869 3204 1890 3249 3
1951 3174 2016 3238 in
2053 3171 2174 3237 AE-

523 3288 712 3354 neide
743 3288 888 3355 sunt
942 3289 1204 3356 confilia
1265 3291 1346 3357 de
1400 3292 1588 3358 novis
1623 3290 1877 3357 sedibus
1914 3290 1983 3355 in
2010 3304 2174 3354 terra

520 3399 748 3492 ignota
776 3404 1075 3492 parandis
1097 3437 1119 3482 3
1169 3404 1335 3477 nihil
1394 3405 1574 3497 quod
1606 3426 2002 3496 magnopere
2032 3401 2174 3466 ani-

519 3520 711 3588 'mum
746 3518 1040 3609 impellat
1072 3537 1136 3588 et
1177 3522 1522 3612 percutiat.
1621 3522 1981 3588 Enimvero
2010 3538 2172 3581 ‹non

1170 3660 1207 3732 3
1951 3654 2177 3712 omnia
