2372 4030
530 409 604 466 14
778 386 849 447 P.
912 334 1371 447 ViRGILII
1435 385 1932 447 MARONIS

521 555 687 616 Bella
714 575 878 637 gero,

952 556 1047 618 vEt
1090 541 1402 637 quisqiiam
1431 575 1662 615 numen
1682 556 1935 634 Junonis
1963 553 2172 616 adoret

522 667 834 743 Praeterea,
875 685 977 729 aut
1002 670 1384 756 supplex'aris
1414 672 1664 750 inponat
1691 662 1982 728 hoiiorem
2007 668 2031 726 ?

603 785 777 843 Talia
807 783 1112 843 flammato
1140 782 1340 842 secum
1369 781 1499 841 Dea
1527 782 1707 841 corde
1737 781 2029 853 volutam,
2090 796 2178 858 50

521 895 893 959 Nimborum
921 898 979 956 in
997 898 1272 978 patriam,
1290 896 1421 956 loca
1438 894 1555 954 feta
1585 894 1916 954 furentibus
1939 894 2182 983 austris,

524 1013 789 1073 AEoliam
815 1013 997 1072 venit.
1026 1012 1028 1018 ’

1083 986 1211 1071 Hic
1231 1011 1406 1070 vasto
1426 1030 1529 1070 rex
1552 1008 1761 1069 AEolus
1791 1025 1966 1070 antro

577 1212 653 1261 48.
675 1221 736 1253 aut
761 1215 935 1268 quisquam
968 1210 1090 1250 Pierii
1121 1209 1311 1264 Longob.
1341 1222 1434 1252 cum
1470 1209 1623 1262 aliquot
1650 1208 1737 1251 aliis
1749 1224 1768 1258 ;.
1788 1208 1888 1249 item
1920 1210 2095 1264 quinque
2110 1222 2177 1263 ap.

522 1279 657 1318 Heins.
677 1277 786 1316 Voss.
813 1280 906 1315 haud
920 1292 977 1327 qu.
1005 1290 1071 1327 ap.
1103 1275 1283 1314 Pierium
1310 1274 1406 1314 alii:
1435 1283 1497 1313 aut
1515 1278 1588 1327 quis
1606 1278 1705 1328 jam,
1734 1273 1799 1313 vel
1823 1277 2028 1327 ecquistluam
2049 1272 2179 1318 Goth'.

522 1344 596 1383 sec.
615 1352 645 1381 ct
664 1345 738 1394 quis
745 1345 828 1396 jam
857 1341 953 1380 edit.
987 1339 1161 1379 Mediol.
1196 1349 1237 1379 et
1275 1340 1401 1379 Goth.
1433 1353 1493 1392 pr.
1526 1356 1565 1378 en
1601 1341 1790 1391 quisquam.
1849 1340 1926 1379 Sed
1943 1340 2103 1394 praestat
2131 1350 2180 1379 et.

523 1407 656 1446 Porro
675 1424 715 1445 no

715 1422 788 1445 men
807 1404 1005 1451 nonnulli,
1034 1413 1080 1443 ut
1098 1403 1239 1443 solent.
1292 1407 1415 1442 adorat
1430 1413 1463 1443 et
1481 1406 1627 1457 imponet
1644 1405 1767 1443 Rom.
1795 1413 1835 1443 et
1855 1403 1923 1443 alii
1953 1419 2015 1458 ap.
2036 1404 2179 1444 Heius.

521 1481 563 1509 et
583 1472 719 1510 Burm.
739 1469 923 1509 it.Goth.
942 1478 1034 1508 tert.
1066 1469 1169 1508 inter
1197 1482 1296 1521 quos
1326 1467 1509 1508 nonnulli
1538 1470 1695 1520 imponit.
1753 1467 1976 1520 Vu-lgatam
1993 1467 2175 1509 defendit

523 1536 664 1577 Burm.
722 1534 908 1574 Heinsius
926 1547 1021 1573 vero
1053 1533 1234 1581 alteram,
1261 1544 1299 1572 et
1320 1547 1411 1573 meo
1432 1533 1596 1586 quidem
1626 1528 1778 1585 judicio
1818 1533 1979 1572 reetius.
2035 1532 2184 1585 Major

522 1599 633 1638 cnIm
670 1599 731 1638 vis
762 1599 950 1638 absoluta:
996 1598 1167 1636 orationi
1200 1598 1311 1636 inest.

1380 1600 1542 1650 impendit
1573 1597 1729 1636 Moret.
1761 1596 1834 1635 sec.
1870 1599 2010 1650 imponit
2047 1600 2179 1635 odorem

522 1663 691 1703 Mentel.
710 1662 780 1702 alt.
814 1677 837 1701 a
855 1676 910 1700 m.
929 1662 1002 1700 sec.
1020 1663 1156 1699 honores
1186 1661 1311 1700 Goth.
1353 1670 1445 1699 tert.
1481 1659 1634 1699 Hamb.
1663 1665 1738 1699 feo.
1771 1659 1815 1700 in
1848 1661 1941 1700 Exc.
1962 1661 2078 1702 Cort.
2107 1661 2177 1703 ed.

521 1730 626 1767 Vcn.
648 1739 764 1778 1472.

522 1866 652 1920 sum3
703 1864 779 1912 sed
821 1863 932 1912 inud
977 1862 1153 1926 majore
1198 1880 1305 1911 cum

520 1931 768 1994 dignitate.
849 1931 1048 1977 Inceffus
1093 1929 1304 1983 dearum,

520 1996 733 2061 inprimis
791 1995 1003 2059 Junonis,
1070 1994 1303 2059 gravitate

521 2063 598 2110 sua
634 2074 784 2109 notus.
856 2062 1066 2123 Propert.
1092 2062 1163 2114 ΙΙ,
1190 2077 1236 2113 2,
1274 2061 1305 2108 6

520 2131 679 2175 incedit
717 2126 799 2173 vel
835 2127 961 2188 Jove
1006 2128 1142 2189 digna
1158 2129 1303 2187 soror,

521 2193 570 2240 h.
615 2210 656 2240 e.
703 2205 939 2255 tamquam
984 2192 1127 2238 altera
1167 2192 1302 2252 Juno.

521 2258 669 2323 Jovis
675 2262 801 2320 soror
818 2271 859 2304 et
876 2260 1030 2322 conjux
1048 2274 1107 2304 ex
1122 2257 1303 2304 Home-

523 2340 652 2371 nco:
704 2325 951 2382 κασιγνήτην
981 2325 1139 2385 ἄλοχόν
1171 2344 1215 2369 τε
1243 2323 1302 2370 Il.

521 2410 576 2444 τ,
610 2406 723 2452 432.
749 2388 810 2436 cf.
835 2387 1008 2434 Cerda.

588 2459 669 2517 48.
707 2453 929 2501 Praeclare
979 2452 1038 2499 ad
1077 2451 1303 2500 invidiam

522 2520 635 2567 bella
667 2539 788 2583 get-‚o
833 2534 938 2581 pro,
971 2535 1075 2564 eam
1110 2518 1304 2582 perdere

522 2585 676 2649 cupio.
713 2602 861 2631 numen
882 2583 1089 2645 Junonis,
1130 2600 1219 2630 me.
1256 2597 1304 2631 at

521 2663 696 2715 quanto
741 2649 964 2714 gravius!
1037 2647 1304 2696 Adumbra-

522 2729 572 2764 ta
613 2727 771 2763 autem
816 2716 913 2762 haec
959 2730 1016 2762 ex
1062 2714 1222 2778 Odyff.
1268 2738 1303 2770 ν,

523 2785 614 2831 128
640 2782 739 2846 sqq.

589 2864 669 2910 49.
705 2849 948 2902 Praeterea,
973 2846 1071 2910 post
1093 2845 1223 2900 talia,
1254 2846 1304 2893 in

519 2915 767 2977 posterum.
871 2913 933 2958 est
996 2911 1303 2959 Homericum

518 2982 684 3029 ἔπειτα.
751 2978 892 3030 honos,
925 2977 1105 3024 solenne
1140 2983 1303 3038 poeta-

486 3075 488 3078 <
520 3057 624 3092 rum
645 3044 703 3092 de
724 3041 974 3096 sacrificiis,
1005 3041 1303 3090 libationibus

524 3115 637 3164 δια,
672 3126 776 3174 quae
797 3108 845 3155 in
865 3107 1057 3156 deorum
1079 3108 1302 3156 honorem

524 3176 657 3230 fiunt,
691 3174 976 3238 aliquantum
1008 3184 1196 3221 ornatus
1218 3174 1302 3220 ha-

519 3240 652 3289 bet.
686 3239 914 3302 Expressit
934 3238 1114 3287 versum
1155 3239 1302 3287 Ovid.

522 3310 634 3354 Am·
670 3306 770 3360 III,
807 3321 856 3368 3,
892 3321 950 3369 33
986 3305 1047 3351 Et
1086 3307 1303 3368 qug‘squam

513 3375 600 3436 pia
620 3370 755 3418 thura
761 3374 882 3436 focts
919 3377 1124 3433 imponere
1143 3383 1284 3418 curet.
1277 3374 1304 3407 θ

472 3437 635 3511 Jam
655 3434 787 3483 vides
812 3436 999 3483 honorem
1021 3435 1124 3499 plus
1145 3434 1305 3509 digni-

521 3499 632 3548 tatis
677 3499 824 3564 epicae
865 3500 1053 3548 habere.
1142 3500 1305 3562 Majus

514 3566 666 3621 etiam
709 3564 848 3612 decus
893 3565 968 3628 adj
973 3566 1074 3614 esto
1100 3566 1305 3630 supplex,

519 3629 751 3683 vocabulo
770 3629 1016 3697 religioso,
1038 3631 1164 3734 quod
1194 3647 1325 3693 oin-⁴1

875 1737 942 1777 51.
957 1729 1027 1765 loca
1040 1728 1146 1780 plena
1165 1725 1281 1765 Leid.
1301 1739 1402 1765 unus
1421 1739 1468 1765 ex
1486 1725 1655 1778 interpr.

1395 1865 1523 1919 nin0‚
1558 1876 1608 1912 ut
1614 1864 1884 1928 ficpplicare‚
1919 1862 1979 1911 ad
2000 1865 2180 1915 cultum

1395 1931 1588 1978 deorum
1638 1931 1853 1983 refertur,
1918 1930 2053 1978 sacris
2099 1931 2178 1979 vel

1393 1996 1607 2061 precibus
1631 1995 1777 2043 faffis.

1461 2078 1538 2127 50.
1586 2062 1718 2109 Nota
1767 2060 1983 2109 narrandi
2035 2061 2182 2110 artifi-

1393 2127 1548 2175 cium:
1600 2143 1694 2174 non
1727 2138 1834 2173 ante
1870 2127 2025 2176 verbis
2065 2145 2179 2176 con-a

1393 2193 1539 2240 filium
1567 2194 1690 2256 Juno
1728 2191 1940 2255 exponit,
1976 2193 2053 2240 sed
2090 2195 2178 2241 sta-

1392 2259 1497 2312 tim,
1532 2257 1646 2322 quid
1687 2274 1741 2304 ea
1774 2257 2034 2321 perege-rit,
2068 2259 2182 2306 sub-

1387 2324 1564 2387 jicitur.
1632 2323 1815 2371 Habuit
1847 2337 2003 2373 autem
2036 2327 2180 2388 poeta

1393 2402 1498 2437 ante
1521 2389 1679 2437 oculos
1701 2390 1759 2436 ΙΙ.
1787 2390 1831 2446 ξ,
1858 2406 1915 2453 23
1922 2403 1951 2437 0
1974 2390 2072 2454 sqq.
2098 2390 2182 2439 ubi

1394 2456 1517 2520 Juno
1543 2456 1766 2502 Somnum
1789 2406 1915 2502 adit.3

1461 2536 1537 2586 51.
1560 2537 1638 2585 52·
1674 2520 1987 2568 Nimborumh.
2006 2520 2038 2568 l·
2064 2538 2181 2570 ven-

1393 2598 1564 2640 torum,
1619 2586 1699 2649 qui
1729 2584 1986 2649 perturbati
2036 2592 2183 2642 ab'ris,

1392 2658 1790 2716 repentinarumque
1825 2672 1880 2700 ac
1913 2657 2178 2716 precipitum

1383 2718 1649 2781 pluviarum
1693 2719 1854 2765 cauffae
1898 2717 2013 2765 sunt.
2065 2724 2178 2783 fita

1391 2783 1649 2847 poeticum,
1693 2794 1744 2830 ut
1775 2786 2005 2846 gravida,
2038 2785 2180 2847 plena.

1390 2854 1568 2911 austris,
1621 2848 1816 2896 omnino.
1876 2849 2046 2902 ventis,
2100 2849 2181 2914 sed'

1389 2918 1528 2976 austri
1567 2914 1668 2962 sunt
1701 2912 1924 2962 saevissimi
1961 2913 2008 2961 in
2058 2916 2181 2963 mari

1393 2980 1786 3035 Mediterrane03
1833 2978 1982 3044 igitur
2013 2980 2179 3029 melius

1390 3045 1480 3093 hoc
1518 3062 1665 3109 genus
1699 3043 1919 3108 ponitur..
1969 3045 2028 3092 ad
2058 3049 2176 3104 insu-

1389 3110 1478 3158 lam
1498 3111 1700 3158 AEoliam
1723 3109 1870 3166 venit,
1902 3110 1950 3157 h.
1971 3126 2011 3158 e.
2037 3126 2176 3160 unam

1388 3192 1450 3223 ex
1470 3175 1636 3224 AEoliis
1657 3175 1730 3223 seu
1756 3175 1999 3225 Vulcaniis
2019 3187 2068 3224 et
2090 3176 2178 3225 Li·-

1390 3242 1568 3306 paraeis.
1661 3241 1752 3289 Sed
1801 3258 1951 3289 unam
1992 3253 2176 3291 tantum

1391 3318 1527 3355 norat
1545 3307 1780 3355 Homerus
1805 3306 1981 3373 Odyff.
1992 3329 2037 3362 κ,
2061 3322 2079 3356 1
2102 3307 2173 3373 sq.
2187 3342 2192 3348 -

1391 3388 1440 3421 v.
1466 3372 1658 3421 Excurs.
1684 3372 1742 3420 ad
1764 3372 1812 3420 h.
1835 3372 1868 3420 1.

1459 3441 1696 3513 52—56.
1756 3434 1928 3485 Ornati
1981 3436 2172 3487 versus.

1383 3469 1549 3554 AEolus
1588 3503 1781 3552 inclusos
1819 3513 1948 3551 tenet
1990 3514 2172 3555 ventos.
2192 3552 2197 3556 ,

1387 3572 1515 3632 vasto
1536 3582 1681 3623 antro,
1714 3568 1922 3617 naturale
1942 3567 2065 3617 enim
2088 3568 2170 3624 est,

1390 3645 1442 3684 ut
1462 3633 1566 3685 loca
1586 3650 1793 3687 concava
1824 3634 2188 3749 (ίαὶιῐεπειῐίἒα)

2033 3716 2066 3767 p
2113 3715 2182 3755 na.
