2294 4030
609 224 1134 308 AENEIDOS‚
1177 228 1388 296 LIB.
1446 228 1556 296 VI.

1768 237 1887 319 689

250 397 472 465 metus
499 414 559 462 et
577 402 817 463 ultrices
843 402 1088 483 posuere
1114 401 1338 462 cubilia
1358 400 1570 471 Curae;

249 513 654 594 Pallentesque
665 496 936 575 habitant
949 512 1467 594 Morbi,tristisque
1476 512 1805 586 Sene&u3,2
1813 527 1847 592 7
1855 531 1886 594 5

251 625 335 686 Et
353 624 664 696 MetuS,et
683 622 1017 685 malesuada
1045 623 1273 706 FameS,
1299 630 1366 683 ac'
1387 624 1578 704 turpis
1608 623 1849 704 Egestas
1871 654 1889 696 ς

254 735 576 796 Terribiles
603 734 731 795 visu
758 736 1006 805 formae;
1040 735 1395 816 Letumque,
1428 734 1740 814 Labosque
1755 765 1772 805 ;

309 921 404 973 276.
437 923 534 963 mala
557 921 638 964 duo
663 934 728 976 ap.
751 922 895 963 Burm.
951 937 995 962 ac
1026 922 1116 963 male
1147 923 1252 962 Ven.
1308 937 1352 963 ae
1378 926 1492 978 turpis
1520 923 1695 977 reposuit
1714 923 1852 965 Heius,
1871 937 1896 966 e

253 982 352 1027 libb.
374 997 449 1040 pro
466 996 502 1026 ee
518 995 757 1036 ἐμω-477.
777 986 962 1041 Labosque
975 985 1118 1026 Heius.
1140 998 1162 1026 e
1181 985 1296 1025 codd.
1318 997 1393 1040 pro
1410 988 1614 1044 Laborque.

259 1129 486 1182 Hesiodea
520 1150 568 1197 p.
614 1150 720 1199 150.
786 1132 1042 1185 Observent

258 1196 432 1245 tirones
452 1214 510 1245 ex
541 1199 702 1247 eodem
726 1200 884 1249 Servio
908 1200 965 1247 ad
990 1200 1041 1249 h.

261 1261 319 1317 L,
354 1264 535 1321 Orcum,
550 1263 599 1311 h.
621 1278 662 1311 e.
690 1262 948 1320 Plutonem,
981 1266 1041 1311 ad

263 1321 567 1376 imitationem
601 1334 657 1375 τὲ
685 1329 800 1377 *Ἀδε
833 1345 917 1394 pro
937 1331 1042 1377 loco

259 1389 373 1454 poni
407 1391 488 1448 fic,
528 1403 578 1438 ut
614 1392 776 1453 Jovem
810 1409 894 1458 pro
923 1398 1044 1441 a‘ete.

265 1455 418 1511 Curae,
472 1455 780 1513 conscientiae,
834 1469 885 1505 ut
932 1458 1046 1505 bene

267 1518 393 1568 Serv.
416 1519 600 1567 laudato
627 1533 738 1568 noto
755 1524 857 1569 loco
877 1522 1043 1584 Juven.

133 1606 137 1607 ⁷
175 1637 177 1641 ι
263 1577 407 1639 XIII,
434 1600 519 1649 193
543 1604 635 1650 quos
667 1588 753 1632 diri
769 1590 1053 1652 constiafiu‘li

267 1647 395 1711 Meng
433 1647 562 1697 habet
600 1655 806 1705 attonitos,
848 1665 889 1698 et
910 1651 1047 1710 surdo

269 1711 448 1760 verbere
480 1715 622 1761 caedit.
688 1711 845 1778 Itaque
866 1716 1045 1763 ultrices.

269 1775 382 1841 276.
441 1777 681 1838 malesuada
727 1780 892 1835 Fames,
945 1795 1046 1841 quae

266 1839 426 1888 suadat
477 1842 675 1906 rapinas,
746 1844 925 1892 scelera.
998 1859 1044 1889 v.

270 1904 440 1953 Cerda.
462 1904 622 1970 Eurip.
637 1906 814 1954 Eleftra
833 1924 920 1973 375
943 1907 1047 1954 ἀλλ’

270 1973 363 2034 ἔχει
387 1972 493 2018 νόσον
513 1973 647 2019 πενία·
666 1972 845 2021 διδάσκει
861 1972 898 2019 δ’
917 1972 1046 2034 ἅνδξοι

272 2042 338 2101 τῇ
362 2037 494 2099 χξείᾳ
529 2039 667 2084 κακόν.
733 2036 795 2083 Et
815 2036 948 2100 hujus
965 2052 1044 2099 ge-

272 2101 394 2148 neris
421 2101 549 2164 plura
569 2117 642 2165 ap.
664 2100 948 2165 Euripidem.
975 2100 1047 2150 Si-

271 2164 361 2212 lius
391 2162 442 2211 in
470 2165 504 2212 l.
527 2181 570 2212 c.
607 2163 747 2220 XIII,
786 2169 844 2230 58
901 2167 959 2212 Et
978 2168 1047 2212 de-

250 2234 402 2295 J'orme
430 2228 589 2277 malum
623 2246 676 2278 ac
713 2232 825 2292 (quo
889 2229 1049 2277 melius

273 2292 414 2355 abest)
442 2293 595 2356 sceleri
617 2295 819 2357 proclivis
862 2294 1048 2359 Egestas.

270 2357 461 2406 -Praeivit
516 2356 744 2406 Homerus
792 2357 952 2420 Odyff.
1006 2380 1049 2421 ς,

279 2422 390 2473 286.
413 2423 527 2487 287,
548 2434 594 2469 et
617 2444 664 2480 σ,
692 2439 763 2487 ς3.
817 2440 876 2487 43
901 2423 1048 2487 turpis

277 2488 465 2552 Egestas,
499 2486 736 2543 deformis,
791 2486 975 2544 ordida,
998 2498 1049 2534 ut

276 2550 392 2598 bene
425 2551 539 2598 olim
563 2551 887 2608 Heumannus3
932 2552 1052 2598 unde

282 2613 512 2663 Terribiles
528 2619 793 2726 vg'susformae
811 2614 1050 2677 adjestum·

279 2679 491 2728 Imitatur
507 2679 599 2726 loci
647 2695 781 2727 eneca
801 2679 943 2726 Herc.
957 2679 1008 2725 fu
1016 2696 1049 2727 r.

280 2743 368 2810 691
441 2744 670 2808 Famesque
733 2744 875 2792 tabido
927 2751 1053 2793 riHu.

278 2808 561 2871 Comparant
575 2808 727 2872 lntpp.
743 2808 924 2855 Lucret.
943 2807 1056 2868 (III,

273 2871 341 2938 65
364 2871 481 2936 sq.).
543 2877 853 2937 conj'anguineus
874 2874 972 2920 Leti
987 2874 1059 2920 So·

270 2950 422 3002 ‘porex
438 2935 575 2985 Iliad.
597 2939 642 2995 ξ,
666 2951 752 3000 231
767 2939 914 2986 ’Ὕπνος
934 2939 1058 2985 κασί-

281 3005 668 3115 ἔῖᾱτέςτῖεἶ”ά””
685 3065 714 3114 6
727 3000 1061 3114 sE‘iamsonffi}

276 3142 332 3180 let
370 3130 491 3179 Mors
585 3082 684 3178 οὲὶὲ
726 3083 869 3178 ῐὲἓῐῐε
921 3129 1054 3177 editi.

279 3193 406 3244 mla
445 3203 587 3243 mentis
629 3196 802 3243 Gaudia
854 3195 1059 3258 adeoque

286 3259 468 3313 mentis,
499 3275 599 3322 quae
629 3270 676 3305 et
711 3257 808 3322 ipsa
839 3258 977 3313 mala,
1014 3269 1061 3305 et

286 3321 478 3378 scelesta,
519 3322 603 3370 effe
643 3320 794 3370 debet.
862 3324 1062 3386 Arguta-

288 3397 367 3441 τοι·
386 3385 438 3434 in
456 3385 658 3452 epitheto
679 3385 849 3434 Seneca
869 3385 955 3451 Ep(-
981 3400 1062 3450 59,

287 3459 343 3500 ut
377 3449 430 3502 in
463 3449 594 3505 ver-su
632 3466 721 3516 277
755 3449 806 3499 in
843 3450 931 3518 Ep.
974 3465 1066 3517 ¹04

1125 1138 1478 1202 ἔπιχσιιξεκακιά,
1521 1153 1602 1188 nec
1651 1148 1802 1188 tamen
1841 1155 1898 1188 eo

1120 1201 1266 1258 sensu,
1301 1220 1394 1267 quo
1437 1204 1517 1260 est,
1551 1203 1674 1251 malis
1715 1204 1895 1253 alienis:

1122 1266 1198 1312 sed
1235 1267 1443 1323 omnino,
1484 1284 1588 1314 cum
1623 1269 1738 1316 male
1770 1266 1900 1317 fastis

1123 1330 1323 1394 gaudent
1381 1329 1636 1380 facinorofi.
1723 1336 1901 1394 adverso

1124 1403 1169 1442 in
1203 1396 1358 1443 limine.
1425 1395 1598 1443 Bellum
1635 1395 1686 1443 in
1723 1396 1820 1461 ipso
1842 1395 1901 1443 li-

1124 1457 1248 1505 mine
1291 1463 1415 1519 (cum
1441 1458 1586 1506 Furiis
1622 1473 1668 1507 et
1705 1460 1898 1521 Eride),

1123 1522 1340 1585 quoniam
1358 1524 1482 1570 nulla
1502 1524 1649 1586 major
1660 1526 1820 1572 mortis
1841 1526 1903 1573 est

1126 1587 1289 1643 caussa,
1331 1586 1396 1633 ait
1418 1587 1564 1642 Serv„
1585 1587 1722 1635 nimis
1742 1604 1870 1638 acute
1883 1608 1898 1646 3

1125 1667 1230 1697 nam
1256 1651 1415 1714 repetit
1436 1658 1592 1715 poeta,
1627 1654 1748 1715 quod
1772 1653 1902 1717 supra

1125 1715 1361 1779 posuerat:
1408 1724 1558 1778 primis
1610 1723 1654 1763 in
1731 1719 1903 1765 aucibus

1129 1781 1250 1827 Orci.
1315 1779 1498 1827 thalami
1520 1792 1568 1826 ut
1590 1797 1673 1844 apu
1727 1781 1903 1829 Home-

1128 1860 1247 1899 rum,
1282 1842 1494 1902 θάλαμοι,
1538 1844 1768 1905 cubicula,
1815 1846 1904 1893 fer-

1130 1907 1220 1954 reis
1257 1908 1455 1955 claustris
1476 1908 1551 1955 seu
1574 1908 1765 1956 foribus.
1833 1911 1903 1957 Ita

1131 1974 1291 2020 Νυκτός
1307 1974 1452 2021 παῖδες
1466 1978 1622 2036 ἔςεμνῆς
1634 1975 1732 2021 οἰκί’
1755 1976 1906 2037 ἔχεων

1131 2036 1180 2083 in
1199 2037 1372 2085 foribus
1393 2038 1597 2094 Tartari,
1621 2054 1692 2101 ap.
1717 2039 1904 2089 Hefiod.

1128 2102 1237 2148 loco
1259 2103 1396 2149 modo
1411 2102 1536 2149 laud.
1558 2119 1605 2149 v.
1623 2105 1733 2166 758.
1804 2104 1901 2150 Co-

1131 2165 1373 2228 gitandum
1407 2178 1554 2213 autem
1589 2165 1646 2211 de
1680 2166 1905 2216 servorum

1127 2229 1378 2293 janitorum
1415 2230 1524 2279 cellis
1568 2226 1771 2292 (Vitruv.
1814 2228 1905 2289 VI,

1140 2308 1198 2342 10
1217 2313 1270 2342 ex
1292 2313 1379 2342 una
1407 2307 1532 2357 parte
1546 2294 1721 2359 equilia,
1759 2315 1812 2342 ex
1834 2297 1905 2344 al-

1133 2370 1228 2405 tera
1260 2362 1415 2422 cstiarii
1430 2356 1598 2418 cella-j.
1666 2358 1805 2407 Nunc
1826 2378 1910 2425 pro

1127 2421 1401 2485 janitoribus
1437 2423 1487 2470 in
1531 2422 1660 2469 aditu
1704 2424 1909 2473 locorum

1134 2485 1381 2534 inferorum
1414 2503 1518 2534 cum
1559 2487 1684 2534 Bello
1719 2501 1764 2535 et
1804 2488 1910 2535 Dis-

1137 2550 1295 2598 cordia
1317 2552 1574 2598 Eumenides.
1640 2551 1823 2600 Eaedem
1842 2566 1910 2600 ta-

1138 2630 1260 2669 men,
1295 2630 1455 2678 nempe
1493 2614 1707 2678 ‘Tfiphone
1729 2636 1817 2665 cum
1840 2620 1914 2666 So-

1140 2678 1316 2734 roribus,
1339 2678 1425 2726 inf.
1444 2696 1489 2726 V.
1517 2695 1608 2743 570
1631 2679 1694 2743 sq.
1730 2689 1773 2727 in
1794 2683 1914 2731 aditu

1140 2741 1325 2791 Tartari
1340 2743 1570 2790 collocatae
1591 2757 1911 2794 memorantur.

1141 2807 1254 2857 Non
1284 2806 1447 2861 habeo,
1486 2806 1610 2869 quod
1648 2807 1754 2854 satis
1787 2826 1912 2857 com-

1141 2871 1278 2918 mode
1298 2871 1356 2918 ad
1369 2871 1484 2918 hanc
1507 2870 1816 2919 difficultatem
1847 2890 1914 2921 re-

1142 2935 1404 3000 spondeam,
1443 2935 1523 2981 nifi
1544 2938 1725 2998 poetam
1749 2936 1814 2983 sui
1837 2955 1916 3001 pa-

1143 3016 1244 3046 rum
1285 3015 1527 3047 memorem
1571 2998 1713 3047 fuiffe.
1789 3000 1916 3050 Nam

1144 3063 1314 3119 dicere,
1370 3081 1441 3111 eas
1499 3062 1574 3110 hic
1616 3064 1779 3120 habere
1821 3065 1925 3122 suas

1144 3128 1265 3174 sedes
1286 3140 1331 3175 et
1352 3143 1432 3192 per
1453 3127 1541 3174 alia
1577 3127 1679 3174 loca
1711 3128 1918 3177 discursi-

1146 3204 1258 3247 tare,
1275 3193 1477 3254 jejunum
1498 3192 1572 3239 est.
1639 3193 1717 3238 An
1752 3193 1918 3242 Eume-⁴

1147 3255 1275 3303 nides
1296 3256 1404 3302 alias
1456 3257 1540 3303 effe
1594 3255 1741 3304 voluit
1782 3274 1919 3321 quam

1149 3318 1343 3368 Furias?
1385 3318 1434 3367 id
1474 3321 1564 3366 fine
1599 3321 1807 3384 exemplo
1843 3322 1919 3369 fie-

1147 3394 1232 3432 ret.
1335 3383 1607 3448 Expeditior
1649 3384 1763 3432 ratio
1800 3386 1922 3448 apud

1149 3447 1375 3499 Ovidium
1395 3449 1454 3498 est
1476 3446 1542 3498 IV
1571 3447 1691 3500 Met.
1715 3465 1808 3516 452
1833 3448 1921 3513 sq„

1842 3514 1924 3563 ubi
1991 3571 2006 3590 s
