2294 4030
604 180 1142 260 AENEIDOS,
1212 186 1400 249 LIB.
1474 187 1582 266 VI.
1800 214 1930 275 731.

272 341 398 405 Aut
423 342 530 422 qui
557 342 784 405 divitiis
803 344 908 407 soli
935 346 1258 418 incubuere
1283 353 1548 431 repertiS‚
1772 354 1915 434 '610

265 450 399 530 Nec
426 468 660 533 partem
681 455 926 534 posuere
954 457 1098 518 suis:
1127 479 1262 539 quae
1285 463 1548 538 maxima
1576 465 1751 541 turba
1785 466 1901 536 est;

265 555 508 644 Qique
534 563 614 623 ob
642 563 993 627 adulterium
1022 569 1192 638 caefi;
1225 571 1445 652 quique
1472 595 1635 636 arma
1658 577 1844 638 secuti
1907 615 1914 657 3

261 670 454 757 Inpia,
482 695 591 736 nec
619 677 793 739 veriti
819 676 1199 739 dominorum
1231 679 1428 741 fallere
1455 680 1711 755 dextram,

259 789 479 851 Inclufi
501 810 748 870 poenam
770 786 1122 868 exspedtant.
1207 789 1303 849 Ne
1331 812 1535 872 quaere
1555 792 1776 868 doceri,

313 978 408 1020 610.
429 983 582 1037 paratio
593 979 664 1022 sec.
691 981 859 1027 Mox-et„
884 979 992 1032 quod
1011 978 1177 1033 vulgare
1197 978 1365 1020 verbum
1383 979 1491 1021 esset.
1602 981 1696 1024 611.
1726 983 1771 1037 {st
1790 981 1896 1027 deest

255 1031 418 1098 Ἄθως.
439 1041 706 1098 Ρα--ὀη
736 1043 900 1083 dextram
920 1041 1073 1094 aliquot
1093 1043 1195 1083 Pier.
1310 1043 1399 1092 614.
1431 1045 1693 1100 Suspenstpaen.
1710 1062 1741 1086 e.
1760 1046 1902 1091 schol.-

251 1106 370 1146 statii
389 1105 551 1150 ITheb·
570 1115 664 1156 431.
721 1106 799 1146 Sed
831 1104 875 1143 in
902 1113 990 1145 toto
1019 1104 1106 1144 loco
1126 1106 1321 1145 Tartarus
1351 1109 1516 1147 carceris
1546 1110 1754 1150 notionem
1773 1111 1895 1151 habet

248 1168 496 1223 adjundtam.
553 1172 751 1229 expendunt
782 1168 858 1209 Vir
891 1168 1033 1208 dostus
1062 1170 1104 1209 in
1139 1169 1305 1209 Miscell.
1341 1170 1448 1210 Obff.
1481 1173 1587 1225 apud
1620 1174 1757 1214 Burm.
1814 1175 1892 1216 Sed

249 1234 359 1276 τεᾶε
378 1233 444 1274 hic
461 1232 633 1289 subjicit,
660 1233 857 1291 exspefiare
874 1229 976 1270 hanc
996 1231 1083 1271 vim
1102 1232 1263 1280 habere,
1294 1241 1339 1272 ut
1360 1247 1426 1272 eos
1445 1247 1580 1287 poenas
1599 1247 1710 1276 certo
1729 1238 1893 1280 daturos

250 1291 327 1338 else
364 1295 524 1337 constet.
593 1295 750 1336 Scilicet
787 1294 983 1352 exspeHare
1015 1295 1056 1334 h.
1093 1295 1121 1340 l,
1161 1294 1215 1335 est
1254 1306 1449 1345 metuere,
1476 1307 1515 1338 et
1552 1299 1730 1353 vulgaris
1758 1295 1891 1345 oratio

244 1358 368 1400 effet:
402 1360 452 1402 iis
479 1359 546 1400 hic
578 1359 792 1413 aliquando
826 1356 985 1397 inclufis
1013 1371 1128 1411 pcena
1159 1360 1403 1412 expectanda
1433 1361 1499 1400 est.
1553 1364 1617 1416 Jo.
1648 1365 1889 1411 Schrader-ue

244 1423 289 1464 in
327 1425 478 1465 schedis
517 1423 652 1464 locum
688 1423 906 1463 scabiosum
942 1423 1018 1463 effe
1051 1434 1160 1463 ratus
1188 1425 1297 1464 varie
1329 1426 1541 1466 tentabat:
1572 1427 1678 1467 inter
1712 1440 1884 1476 caetera:

239 1490 689 1549 &pendunt—Poenarum
708 1491 925 1545 quaeforma
943 1502 1015 1528 reos
1022 1489 1230 1542 fortuna-ve
1249 1490 1380 1546 merset.
1438 1506 1497 1531 nec
1511 1492 1687 1533 Dorvill.

238 1656 326 1705 hoc
359 1670 543 1720 quoque
574 1665 697 1702 vetus
734 1652 1020 1709 Grammati-

234 1741 315 1774 cus
357 1722 491 1787 apud,
520 1718 728 1768 Servium
767 1717 1014 1764 Urbanus:

237 1805 389 1838 rarum
432 1786 514 1838 effe
564 1785 651 1831 hoc
705 1782 932 1847 inquiens,
966 1793 1017 1829 ut

230 1867 443 1919 patronus
478 1848 688 1902 clientem
732 1847 877 1904 fallat,
909 1863 1013 1894 cum

231 1917 379 1982 magis
411 1928 622 1981 patronos
659 1911 889 1975 decipiant
925 1912 1012 1977 fre-

230 1993 418 2047 quenter
450 1979 662 2034 clientes3
695 1978 854 2024 eadem
884 1976 1010 2038 judi-

230 2048 299 2096 cii
321 2044 581 2109 iniquitate,
614 2058 703 2105 qua
737 2039 874 2088 nostri
918 2040 1007 2088 ho-

228 2111 372 2160 mines
409 2108 476 2162 uti
512 2108 654 2158 solent
693 2105 743 2152 in
781 2105 1006 2168 agricolas

226 2188 272 2224 et
294 2190 506 2240 paganos.
575 2176 763 2235 repertis,
796 2186 880 2234 pro
900 2186 1003 2233 par-

224 2240 303 2298 tis,
337 2239 522 2304 paratis,
562 2235 745 2298 accipe3
780 2251 861 2282 nec
880 2239 1000 2296 suis,

219 2304 426 2370 cognatis
462 2314 509 2350 et
562 2299 788 2355 affinibus,
834 2301 1002 2361 posuere

211 2383 400 2435 partem,
440 2383 498 2415 ex
538 2366 696 2420 ἔθεντο,
732 2365 996 2420 statuerunt,

217 2434 492 2487 tribuerunt,
514 2431 595 2479 nifi
627 2428 767 2477 mavis
787 2427 872 2476 efl'e
893 2445 994 2491 pro,

216 2499 443 2564 seponere.
499 2495 577 2542 Ad
599 2493 861 2542 sententiam
886 2508 995 2555 prae-

215 2565 361 2612 claros
403 2559 592 2609 Horati-i
643 2556 792 2606 versus
838 2557 994 2604 laudat

215 2627 399 2677 Servius
421 2626 470 2672 11
486 2625 628 2678 Serm,
655 2641 702 2676 2,
734 2637 849 2682 103;
873 2621 991 2669 adde

209 2693 402 2742 eundem
439 2691 464 2737 I
507 2691 652 2738 Serm.
692 2687 734 2742 Ι,
787 2701 846 2750 75
889 2685 988 2760 sqq.

209 2761 278 2821 84
308 2757 376 2821 sq.
443 2754 491 2802 ob
509 2753 646 2802 adult.
676 2752 776 2864 effi
807 2765 990 2814 gravtus

207 2821 359 2886 posuit
378 2835 464 2884 pro
479 2816 693 2865 adulteris
727 2814 986 2879 impliciter,

207 2887 308 2934 ‘De
327 2885 450 2950 Lege
470 2882 596 2946 julia
620 2880 745 2947 (anni
769 2881 885 2947 737)
908 2895 986 2952 co-

242 2950 354 2999 ‘tare
394 2948 593 2997 nondum
630 2944 781 3010 potuit
822 2942 985 3008 Virg1-

211 3066 214 3071 ,
242 3031 309 3063 us.
374 3011 533 3062 Potuit
565 3022 714 3058 tamen
739 3012 836 3072 jam
863 3020 982 3063 tum,

201 3095 308 3128 cum
328 3077 532 3133 vivebat,
559 3091 632 3122 ⁴res
651 3071 848 3123 consiliis
881 3071 977 3136 agi.-

202 3143 309 3192 tari.
371 3160 496 3190 ama
517 3147 664 3203 impia,
693 3137 815 3194 haud
836 3136 977 3211 duliie

196 3208 424 3257 benorum
446 3203 687 3260 civilium3
718 3201 798 3274 sed
825 3201 885 3248 de
917 3212 976 3251 11⁸

199 3270 536 3338 accipiendum,
565 3267 647 3332 qui
684 3278 840 3337 patriae
874 3265 972 3313 bel-⁴

194 3337 295 3385 ium
335 3333 556 3387 inferunt,
601 3347 694 3378 non
746 3345 831 3403 qm.
868 3345 971 3392 pro-

193 3399 392 3478 pulsante
494 3395 767 3456 concidunt
816 3406 973 3465 itaque

1105 1654 1251 1705 Servii
1293 1654 1575 1720 aliorumque
1621 1669 1783 1716 metus,
1822 1675 1880 1706 ne

1101 1718 1149 1767 in
1169 1718 1418 1783 Augustum
1432 1734 1587 1784 peccet
1605 1728 1756 1785 poeta.
1806 1743 1878 1773 nec

1099 1791 1234 1831 veriti
1269 1787 1517 1833 dominorum
1560 1787 1729 1851 fallere
1769 1791 1873 1836 dex,

1097 1860 1203 1896 tras.
1284 1848 1568 1912 Argutantur
1620 1850 1769 1915 Intpp.
1827 1866 1874 1900 et

1096 1910 1192 1964 hic,
1227 1912 1373 1960 Servii
1414 1916 1637 1978 exemplo,
1705 1918 1879 1964 Domini

1095 1992 1185 2022 non
1211 1978 1347 2024 modo
1379 1978 1603 2025 servorum
1627 1979 1754 2037 sunt;
1791 1981 1867 2029 sed

1086 2052 1131 2086 et
1154 2041 1211 2088 de
1233 2041 1498 2089 libertorum
1529 2044 1731 2106 patronis
1755 2045 1867 2098 bene

1081 2103 1202 2152 idem
1241 2106 1363 2155 dixit
1404 2113 1555 2170 poeta.
1625 2109 1863 2157 Servorum

1081 2182 1228 2217 autem
1271 2187 1422 2233 poenas
1461 2172 1536 2218 hic
1587 2189 1863 2223 commemo·

1080 2249 1194 2288 rare,
1250 2234 1492 2298 indignum
1549 2238 1650 2284 ess'et
1711 2243 1860 2300 po'etae

1080 2297 1198 2360 epici
1240 2299 1480 2361 gravitate,
1532 2304 1678 2347 multo
1713 2304 1858 2364 magis

1082 2361 1292 2410 Romani.
1361 2363 1484 2412 Tum
1510 2364 1587 2428 qui
1609 2366 1743 2413 fidem
1769 2368 1854 2413 fal-

1078 2425 1152 2483 lit,
1188 2429 1226 2474 is
1255 2440 1299 2474 et
1320 2431 1448 2489 suam
1472 2442 1516 2475 et
1542 2430 1719 2477 alterius
1754 2433 1854 2479 dex-

1075 2504 1189 2543 tram
1224 2492 1373 2542 fallere
1407 2493 1500 2541 dici
1536 2496 1690 2565 potest.
1757 2495 1852 2550 Ita·

1074 2572 1162 2617 que
1193 2557 1432 2604 neceffario
1455 2557 1769 2620 accipiendum
1792 2561 1851 2607 de

1071 2619 1338 2671 libertorum
1357 2621 1586 2684 impietate
1615 2634 1660 2668 et
1691 2622 1849 2671 fraude

1071 2682 1122 2735 in
1164 2698 1374 2748 patronos
1410 2687 1523 2733 suos,
1591 2687 1666 2732 An
1713 2687 1845 2734 Pom„

1068 2747 1219 2810 peium
1260 2748 1467 2803 Menam,
1502 2750 1591 2798 Cn.
1641 2750 1843 2815 Pompeii

1067 2812 1299 2866 libertum,
1332 2814 1411 2876 qui
1453 2812 1637 2862 Sextum
1687 2816 1843 2878 prodi-,

1065 2877 1154 2930 dit,
1190 2877 1342 2929 animo
1364 2878 1661 2942 designaverit
1685 2882 1840 2942 poeta,

1065 2941 1283 2988 affirmare
1310 2942 1409 3004 quis
1443 2942 1590 2992 aufit?
1629 2942 1731 2991 Nec
1766 2957 1838 2992 ta«.

1062 3022 1167 3052 men
1200 3005 1258 3054 fic
1293 3004 1342 3053 in
1379 3006 1630 3071 Augustum
1662 3009 1839 3070 peccas·

1061 3067 1143 3124 set,
1178 3086 1279 3117 nam
1310 3082 1354 3114 et
1389 3069 1443 3126 is,
1476 3082 1526 3118 ut
1563 3071 1712 3118 caeteri
1750 3072 1834 3120 ho-

1058 3133 1216 3188 mines,
1237 3133 1510 3196 proditionis
1521 3134 1714 3182 fructum
1735 3152 1830 3184 am.

1054 3198 1211 3262 plecti,
1244 3198 1528 3261 proditorem
1570 3198 1830 3259 abliorrere,

1052 3261 1230 3310 debuit.

1117 3328 1228 3388 614,
1267 3325 1378 3389 615.
1448 3323 1566 3372 Noli
1616 3340 1831 3388 quaerere,

1050 3406 1184 3455 quam
1203 3406 1388 3460 poenam
1408 3390 1727 3501 expettandzm
1749 3391 1851 3449 hae*

1074 3458 1079 3465 '
1690 3464 1828 3515 eant}
