2372 4030
550 347 554 350 ·
629 325 1150 427 AENEIDOS,
1221 340 1509 407 LIB.1.
1850 367 1889 432 7

331 493 495 556 Urbs
524 499 768 578 antIqua
798 501 943 570 fuit3
991 504 1156 582 Tyrii
1189 522 1423 569 tenuere
1450 514 1677 586 coloni;

244 608 563 692 CarthagQ
607 612 844 674 Italiam
874 634 1075 678 contra
1107 621 1504 704 Tiberinaque
1533 630 1708 711 longe

239 723 422 819 Ostia,
462 723 628 810 diyes
656 746 864 805 opum,
909 729 1225 810 studiisque
1253 733 1567 814 asperrima
1597 740 1764 800 belli:

235 834 437 929 Qam
465 837 624 914 Juno
655 839 839 899 fertur
865 843 1035 900 terris
1066 845 1255 922 magis
1286 847 1561 907 omnibus
1586 871 1758 912 unam
1797 874 1859 938 15

225 1049 229 1053 .
286 1022 351 1053 12.
379 1015 464 1054 Cur
487 1013 594 1068 Ίζγνὶἱ
607 1025 634 1055 t.
661 1018 765 1055 coloni
781 1012 1004 1069 parenthesi
1036 1016 1301 1068 includantur,
1327 1034 1407 1060 non
1430 1019 1558 1064 video.
1620 1023 1684 1066 Est
1705 1028 1809 1068 enim
1827 1038 1873 1074 ea

228 1077 383 1129 poetica
402 1078 547 1127 forma,
573 1088 618 1118 ut
637 1079 815 1119 absoluta
833 1081 1106 1121 enuntiatione
1123 1083 1288 1130 dicatur,
1322 1086 1429 1137 quod
1449 1086 1487 1124 in
1510 1089 1621 1138 prosa
1641 1091 1748 1138 effet,
1774 1093 1847 1131 urb
1864 1078 1868 1088 ι

225 1140 318 1190 fuit,
350 1159 451 1195 quam
477 1143 523 1183 T.
544 1160 573 1182 c.
595 1152 741 1197 tenyere,
766 1143 1011 1184 habitarunt.
1124 1156 1184 1194 13.
1216 1148 1402 1200 Karthago
1439 1150 1581 1189 Medic.
1618 1165 1707 1190 cum
1737 1154 1872 1192 multia

224 1205 343 1246 aliist
373 1206 472 1245 item
494 1205 618 1247 Goth.
642 1206 719 1247 sec.
773 1207 861 1245 Alii
885 1209 1047 1260 cartago,
1078 1217 1122 1247 nt
1141 1218 1181 1247 et
1201 1210 1304 1261 apud
1324 1211 1444 1250 alios(
1493 1213 1654 1252 ‘Tiberina
1673 1230 1809 1257 omnes
1827 1218 1865 1256 h·

223 1269 266 1317 1.,
293 1283 385 1309 cum
404 1270 500 1309 alias
525 1279 732 1323 tantopere
762 1271 916 1310 varient
947 1271 1038 1310 libri
1070 1271 1111 1309 in
1141 1273 1344 1324 scriptura.
1402 1275 1522 1328 Hfflia
1557 1278 1774 1319 Mediceus.
1819 1283 1863 1330 it·

221 1333 349 1373 Goth.
378 1346 438 1385 pr.
474 1342 514 1373 et
544 1343 638 1372 tert.
676 1347 749 1386 pro
779 1343 965 1386 corrupta
986 1334 1212 1386 sequiorum
1236 1337 1470 1377 saeculorum
1489 1339 1866 1395 scriptura.-——-15,

221 1395 329 1449 Hunc
350 1395 483 1451 Bigot.
523 1400 652 1450 firtur
666 1408 797 1437 terram
816 1399 1047 1452 Sprotianus
1065 1406 1137 1452 p'ro
1158 1413 1242 1439 var.
1262 1401 1357 1442 ledi.
1412 1419 1478 1441 una
1500 1405 1677 1445 Parthas.

212 1549 258 1581 e·
307 1550 356 1587 ut
399 1538 587 1610 subii-et,
637 1539 802 1586 adiret.
880 1541 997 1603 Qae
1079 1556 1162 1602 per
1202 1543 1315 1590 iram
1360 1540 1637 1606 exprimitur
1679 1545 1862 1610 ejusque

212 1600 334 1650 enim
352 1605 532 1669 gravia,
558 1604 762 1652 difficilia
784 1618 831 1653 et
849 1607 994 1652 mole·
1079 1606 1316 1654 attributa.
1394 1607 1685 1671 Excsperalur
1709 1625 1859 1660 autem

207 1665 273 1714 sta
306 1669 423 1725 sunt,
458 1684 505 1717 et
542 1687 642 1734 quae
679 1685 849 1735 magna
887 1688 993 1719 curn
1077 1668 1132 1725 is,
1150 1674 1246 1736 ,qui
1284 1673 1532 1721 offenditur
1572 1687 1618 1722 et
1648 1675 1704 1722 ad
1740 1677 1857 1726 iram

209 1731 477 1788 difficultate
524 1752 780 1790 movemus,
814 1736 994 1782 machi·
1075 1751 1375 1798 provocatur.
1411 1739 1575 1802 Itaque
1591 1743 1726 1803 asper,
1752 1764 1858 1802 τροι-

206 1812 388 1855 namur,
430 1801 660 1855 molimur,
711 1801 989 1863 perficimus,

205 1878 261 1911 ea
275 1866 411 1913 volvi
425 1866 573 1929 pc‘e'tis
591 1866 808 1913 dicuntur
819 1884 833 1921 ;
869 1883 989 1915 nunc

203 1943 251 1978 et
273 1947 346 1985 ea,
381 1947 482 1995 quae
506 1932 773 1978 tolerantur.
898 1978 900 1980 .

274 2012 350 2044 12.
387 1998 487 2046 Cur
526 2013 552 2043 a
587 1995 876 2059 Carthagine
899 1995 985 2044 ini-

200 2061 317 2109 tium
336 2062 553 2111 narrandi
577 2062 718 2109 faciat
740 2067 900 2124 poeta,
936 2079 983 2109 v.

198 2144 310 2175 mox
325 2128 390 2177 ad
409 2145 456 2175 v.
482 2145 563 2192 94.
598 2127 722 2176 Urbs
729 2132 849 2190 fuit,
866 2144 983 2191 quo-

196 2191 322 2239 niam
345 2193 426 2242 illa
469 2207 567 2240 tum
606 2206 707 2240 erat
749 2193 921 2247 eversa,
955 2208 982 2240 a

194 2258 357 2320 Tyriis
412 2258 599 2306 condita
653 2271 700 2305 et
755 2258 979 2306 habitata.

190 2327 388 2387 antiqua,
422 2341 513 2371 non
530 2336 625 2371 tam
647 2322 865 2387 quoniam
900 2341 981 2371 no-

190 2405 251 2435 va
276 2390 520 2453 Carthago
548 2389 744 2436 dedue'ta
781 2406 927 2451 nuper
950 2407 976 2437 a

191 2454 372 2502 Caesare
407 2455 592 2503 colonia
628 2467 748 2508 erat,
786 2467 835 2501 ut
877 2455 975 2502 fere

178 2518 492 2584 interpretes:
542 2520 618 2568 sed
649 2519 867 2583 quoniam
894 2537 971 2566 an-

182 2583 314 2648 tiqua
331 2586 466 2651 origo
487 2586 701 2649 inprimis
718 2585 767 2632 in
789 2585 971 2632 urbium

179 2649 317 2699 laude
335 2665 635 2699 memoratur.
667 2647 752 2697 inf.
777 2652 846 2704 II,
873 2651 962 2714 363

179 2713 240 2762 de
257 2711 437 2778 Troja:
498 2717 613 2767 Urbs
650 2720 829 2780 antiqua
860 2722 965 2764 ruit.

177 2793 227 2832 et
265 2780 325 2828 de
359 2781 531 2830 Italia:
582 2780 724 2830 Terra
765 2786 965 2846 antiqua,

166 2857 330 2909 potens.
388 2859 390 2861 ’

247 2925 322 2972 13.
356 2926 437 2972 14.
470 2911 629 2975 Longe,
661 2911 824 2975 procul
863 2912 962 2967 fita,

174 2990 254 3024 ma·
290 2991 349 3024 no
377 2975 618 3038 interjecto
653 2976 793 3025 maris
817 2977 959 3025 inter-

173 3042 250 3092 val
269 3038 316 3095 ο,
339 3057 398 3088 ex
419 3041 612 3090 adverso
626 3042 646 3088 1
653 3042 775 3090 taliae
789 3056 835 3090 et
853 3043 959 3106 qui·

170 3105 284 3155 dem
304 3108 485 3161 Romae,
503 3123 648 3170 quam
666 3124 752 3170 per
766 3107 957 3157 Tiberim

88 3177 89 3184 ’
169 3170 406 3236 designari
446 3183 579 3235 puto.
633 3176 866 3238 studiisque
882 3179 954 3236 ast

157 3243 350 3302 perrima
387 3234 504 3292 belli,
538 3237 748 3300 graviter
776 3238 951 3287 die‘tum

160 3302 254 3364 ⁴pro
273 3321 286 3351 :
305 3305 472 3357 dedita,
490 3305 818 3364 vacansstudiis
832 3303 932 3353 belli
935 3323 951 3351 .-

162 3367 288 3432 quod
309 3371 498 3432 asperum
521 3366 616 3415 dici
654 3368 794 3424 solet3
851 3381 951 3417 tum

159 3432 314 3496 poetis
332 3431 524 3481 studium
537 3431 708 3483 dicitur
721 3433 950 3497 asperum,

160 3496 442 3562 tandemque
474 3497 580 3547 urbs
612 3504 766 3561 ,aspera
786 3503 949 3562 studiis

159 3557 276 3612 belli.
336 3562 506 3622 virtus
530 3561 695 3623 bellica
729 3579 758 3614 a
794 3563 948 3630 po'e'tis

1076 1803 1175 1862 χὺς,
1210 1803 1350 1850 mcdo
1384 1803 1541 1857 imum,
1589 1807 1854 1862 vehemenS,

1075 1866 1213 1921 serug„
1248 1868 1392 1920 ferox,
1418 1868 1577 1920 saevuS,
1603 1871 1739 1917 modo
1758 1872 1853 1918 for-

1076 1931 1152 1986 tis,
1174 1933 1427 1986 bellicosus,
1453 1933 1591 1980 modo
1614 1951 1739 1988 acer,
1774 1954 1848 1983 ar-

1073 1996 1205 2052 dens,
1239 1999 1512 2052 concitatm,
1549 1999 1763 2062 flagrans,
1802 2014 1851 2056 ut

1071 2061 1119 2110 h.
1145 2064 1178 2109 l.
1245 2061 1467 2111 Similiter
1487 2083 1604 2111 acres
1625 2064 1848 2122 iracundi,

1071 2127 1228 2181 calidi,
1283 2129 1451 2191 δριμεῖς,
1507 2145 1614 2175 mox
1665 2131 1847 2188 strenui,

1068 2192 1310 2255 πρακτικοὶ,
1383 2208 1481 2242 tum
1530 2194 1845 2250 vehementes,

1066 2257 1195 2312 δεινοῖ,
1210 2270 1258 2306 et
1282 2257 1339 2306 fic
1363 2259 1519 2307 fortes·
1575 2260 1722 2306 Semel
1742 2278 1842 2308 mo-

1065 2323 1204 2371 nuiffe
1265 2325 1452 2388 expedit
1508 2323 1565 2370 ad
1609 2326 1844 2387 poetieam

1062 2389 1336 2444 orationem,
1356 2407 1493 2454 quam
1510 2389 1716 2450 inprimis
1740 2408 1841 2452 per-

1059 2453 1256 2518 speStam
1295 2456 1381 2504 effe
1423 2457 1647 2509 volumuS,
1686 2455 1840 2504 decla-

1059 2520 1266 2567 randam.

1130 2601 1202 2650 15·
1233 2587 1387 2649 Qam
1405 2584 1524 2647 Juno
1542 2584 1684 2632 fertur
1698 2602 1834 2635 unam

1054 2651 1257 2699 omnium
1281 2648 1479 2698 maxime
1498 2650 1830 2703 amasse,·etiam

1056 2717 1196 2766 Samo
1219 2716 1473 2779 praetulisse,
1506 2714 1554 2761 in
1593 2732 1681 2779 qua
1713 2716 1828 2763 anti-

1052 2781 1254 2844 quiffima
1289 2793 1351 2829 et·
1368 2777 1661 2829 celeberrima
1684 2781 1827 2843 Juno-

1050 2847 1120 2893 nis
1160 2845 1326 2909 religio
1363 2856 1477 2893 erat.
1545 2844 1622 2892 De
1653 2846 1826 2908 templo

1049 2912 1238 2975 Junonis
1258 2910 1422 2959 Samiae
1436 2926 1481 2957 v.
1498 2909 1826 2964 Herodct.llI,

1047 2977 1128 3024 60.
1199 2975 1482 3040 Carthagine
1520 2974 1599 3020 sub
1641 2975 1821 3021 Uraniae

1045 3041 1229 3090 nomine
1262 3041 1310 3088 h.
1345 3057 1387 3088 e.
1424 3055 1478 3086 ea
1494 3038 1819 3102 appellatione,

1043 3124 1142 3170 quae
1181 3122 1335 3171 graece
1375 3103 1441 3152 ita
1484 3102 1614 3150 reddi
1652 3104 1813 3164 posset,

1037 3174 1158 3236 Juno
1183 3172 1269 3219 fuit
1292 3169 1432 3222 culta,
1452 3181 1530 3213 aut
1548 3166 1639 3215 coli
1662 3167 1810 3216 credi-

1032 3251 1097 3285 ta.
1131 3236 1257 3285 Nam
1274 3231 1558 3296 comparatio
1593 3231 1670 3278 illa
1699 3231 1808 3280 deo-

1030 3319 1132 3350 rum
1171 3299 1305 3365 apud‘
1325 3310 1500 3347 exteras
1524 3308 1686 3358 gentes
1717 3297 1809 3345 coli

1030 3367 1261 3416 solitorum
1284 3378 1445 3427 parum
1464 3360 1595 3409 doCte
1617 3376 1644 3406 a
1670 3361 1806 3408 Grae-

1031 3433 1097 3480 cis
1129 3443 1175 3479 et
1205 3427 1423 3478 Romanis
1448 3425 1566 3474 fafta
1599 3425 1684 3472 est:
1741 3425 1808 3472 ita

1028 3497 1091 3545 ab
1110 3495 1211 3545 aliis
1230 3495 1323 3543 haec
1346 3492 1438 3557 ipsa
1453 3491 1698 3540 Poenorum
1716 3489 1804 3536 dea

1025 3577 1132 3613 cum
1178 3560 1361 3619 Venere
1412 3566 1678 3619 comparata
1721 3554 1798 3664 eid}

1091 3625 1140 3673 A
1173 3639 1200 3671 2
1589 3635 1593 3639 ·
1699 3633 1748 3664 vi
1785 3649 1797 3664 .
