2294 4030
1683 259 1793 337 ¹89

159 409 403 494 Qidve
427 405 698 488 petunt?
741 426 879 486 quae
907 406 1166 486 religio?
1201 419 1304 468 aut
1343 426 1480 487 quae
1518 406 1796 467 machina

402 518 600 579 belli?

147 630 421 693 Dixerat.
453 683 456 686 .
505 588 623 691 lile
647 628 804 690 dolis
832 629 1144 689 instructus
1172 641 1232 688 et
1259 643 1383 687 arte
1410 628 1667 709 Pelasga,

537 245 1306 320 AENE1D08‚'L113.
1368 248 1453 311 ΙΙ.

156 751 401 815 Sustulit
427 764 629 810 exutas
657 748 868 807 vinclis
897 748 971 807 ad
996 748 1178 808 fidera
1204 748 1432 827 palmas
1457 771 1472 807 :

157 869 300 940 Vos,
329 866 536 927 aeterni
566 866 753 944 igneS‚
783 877 841 921 et
868 883 988 922 non
1014 842 1294 948 violabile
1321 867 1576 948 vestrum

153 980 376 1040 Testor
391 997 632 1049 numen,
658 975 777 1035 ait:
815 996 918 1034 vos
947 996 1083 1048 aree,
1105 975 1377 1057 ensesque
1401 977 1661 1051 nefandi,
1678 997 1783 1060 155

114 1126 116 1129 ·
151 1090 496 1175 Qos1fugi,
524 1075 813 1168 vittaeque
840 1088 1038 1161 deum,
1064 1109 1208 1167 quas
1238 1090 1422 1149 hostia
1448 1091 1625 1170 geffi3

151 1207 262 1268 Fas
290 1206 446 1265 mihi
476 1204 795 1266 Graiorum
822 1204 1043 1264 sacrata
1072 1203 1361 1265 resolvere
1378 1205 1535 1288 jura,

615 1341 621 1359 ὶ

204 1382 300 1423 151.
319 1367 442 1428 petant
461 1381 542 1414 tres
559 1374 701 1414 Burm.
751 1376 842 1427 petit
872 1374 1004 1427 Sprot.
1038 1387 1062 1413 a
1081 1386 1141 1415 m.
1163 1385 1362 1427 pr.——-1
1367 1386 1391 1424 5
1397 1388 1437 1426 3.
1466 1377 1642 1431 exhaustas
1672 1375 1787 1416 Leid.

81 1466 90 1474 ·
138 1435 265 1480 'unus.
321 1442 454 1495 exustas
474 1441 598 1480 Goth.
632 1439 957 1488 alten—154.
984 1441 1131 1493 vfstrum
1151 1443 1210 1479 N.
1267 1442 1544 1494 Speciofiffima
1571 1445 1625 1484 est
1645 1444 1792 1483 Mark-

146 1500 257 1542 landi
275 1504 504 1544 emendatio
525 1505 576 1544 ad
595 1505 694 1543 Stat.
715 1517 755 1556 p.
787 1513 808 1552 7
836 1506 878 1542 V
872 1505 949 1559 3:stae
977 1507 1052 1553 N„
1070 1505 1138 1557 qui
1165 1505 1287 1544 etiam
1308 1507 1495 1557 praeclare
1515 1509 1680 1547 advocat
1700 1521 1792 1547 vex·-

147 1565 213 1607 sus
229 1567 303 1607 inf.
323 1567 414 1620 296.
439 1578 532 1620 297.
590 1567 742 1606 Firmat
776 1580 865 1605 eam
890 1568 1012 1608 codex
1042 1571 1118 1607 Ge.
1153 1569 1337 1617 Fabricii,
1361 1569 1466 1609 forte
1504 1580 1545 1610 et
1565 1571 1654 1619 hoc,
1681 1570 1790 1623 quod

117 1629 119 1634 ⁸
147 1630 290 1680 Sinon,
316 1631 385 1683 qui
401 1631 488 1683 jam
505 1631 711 1683 Trojanus
728 1630 825 1669 civis
843 1631 974 1671 videri
1005 1632 1180 1681 volebat,
1208 1646 1358 1672 numen
1390 1635 1522 1686 Trojae
1543 1635 1711 1674 tutelare
1727 1636 1790 1675 in-

146 1703 280 1734 vocat.
335 1694 476 1734 Obstat
496 1703 648 1743 tamen,
673 1694 783 1748 quod
799 1694 884 1746 jam
904 1709 927 1734 a
945 1695 1046 1734 viris
1067 1695 1196 1735 doffis
1214 1697 1432 1745 monitum,
1456 1711 1538 1738 non
1552 1703 1601 1738 ad
1620 1701 1732 1738 urbem
1756 1708 1789 1738 et

145 1775 276 1809 arcem,
302 1759 345 1799 in
365 1774 443 1813 qua
461 1760 691 1800 servabatur
710 1759 815 1800 sacer
835 1760 953 1812 ignis,
977 1762 1187 1811 convergfizm,
1212 1760 1280 1800 sed
1297 1764 1448 1801 manibus
1466 1767 1515 1802 ad
1519 1766 1632 1816 fidera
1637 1767 1790 1818 sublatis

144 1826 233 1866 haec
253 1825 384 1865 dicere
405 1825 610 1864 Sinonem.
638 1823 689 1863 cf.
713 1825 850 1863 Burni.
967 1826 1057 1872 156.
1087 1829 1260 1876 vittaeque,
1285 1828 1379 1863 deum
1399 1843 1431 1878 q.
1460 1828 1516 1866 ita
1534 1828 1790 1881 distinguitur

145 1890 190 1929 in
211 1889 382 1930 Mentel.
413 1899 453 1930 et
481 1890 523 1929 in
543 1889 667 1929 Pierii
687 1890 816 1938 codd„
843 1897 883 1929 et
900 1888 950 1927 fic
966 1889 1051 1941 jam
1070 1889 1169 1928 olim
1189 1890 1424 1930 distinctum
1443 1893 1569 1931 Servii
1589 1903 1787 1947 ternpore.

145 1953 414 2006 Placebatque
435 1953 577 1993 Cerdae
608 1966 655 1992 ea
671 1953 789 1992 ratio.
853 1952 930 1991 Sed
949 1956 1052 1993 vittae
1069 1955 1162 1991 deum
1178 1953 1268 1993 sunt
1286 1954 1430 1994 divinis
1448 1956 1564 1995 rebus
1583 1958 1786 1999 adhibitae.

143 2027 178 2062 et
195 2020 363 2069 vittaeque
380 2016 501 2056 Witt.
612 2022 704 2065 157.
720 2019 858 2067 ficreta
885 2016 1001 2054 Leid.
1036 2016 1186 2055 Hamb.
1219 2017 1290 2056 sec.
1314 2028 1353 2057 et
1371 2031 1445 2071 pro
1465 2033 1548 2058 var.
1572 2019 1662 2058 leci:-
1683 2021 1786 2061 alter

146 2079 280 2128 Leid.,
305 2078 415 2133 quod
449 2093 472 2118 a
502 2079 696 2118 Couterio
728 2077 833 2117 male
862 2078 1071 2121 defensum
1098 2079 1208 2121 reete
1239 2081 1379 2135 rejecit
1410 2083 1676 2123 Burmannus.
1730 2102 1787 2126 rc-

93 2160 99 2164 ’
143 2145 287 2184 volvere
306 2141 473 2182 Hamb.*
480 2155 543 2196 pr.
566 2150 607 2182 et
628 2145 792 2194 Menag.
814 2141 931 2184 alter.

212 2304 231 2336 1
277 2306 320 2338 1.
368 2286 502 2352 Qid
540 2288 590 2335 in
626 2303 746 2353 equo
781 2287 922 2361 fabri-

1005 2289 1066 2335 ad
1108 2290 1298 2353 perjurii
1341 2291 1560 2341 ultionem
1603 2292 1784 2350 retulit3

139 2368 225 2401 can
260 2368 290 2400 o
336 2351 617 2416 speeiarunt?
667 2370 776 2400 num
820 2354 924 2399 reh-

140 2417 295 2481 gionis
335 2419 499 2474 cauffa,
561 2428 612 2464 ut
654 2417 742 2465 deo
785 2417 925 2465 alicui

139 2481 471 2536 consecrarent,
520 2497 578 2528 an
621 2493 673 2528 ut
717 2482 926 2528 machina

141 2545 309 2595 bellica
354 2547 476 2601 esset,
539 2545 752 2593 fabricati
793 2545 927 2593 sunt?

140 2609 260 2659 Mox
279 2628 326 2661 v.
355 2625 443 2676 15'2
465 2610 566 2658 dolis
584 2614 802 2674 irfiruc‘ffus
823 2611 925 2657 Ho-

140 2673 358 2723 mericum
420 2680 585 2724 κακοῖσι
651 2676 802 2724 δόλοισι
860 2698 925 2723 κε-

137 2743 358 2799 κασμένος,
391 2741 689 2805 κεςδοιλεόφςων
723 2740 856 2788 Iliad.
883 2741 924 2796 δ,

59 2810 63 2816 ’
139 2820 253 2872 339·
313 2827 316 2831 ·

137 2870 688 2997 effgzrffssmfflza
725 2868 927 2981 ¹332?ssss

138 2999 298 3056 fidera,
338 2999 401 3047 de
432 2952 596 3062 qtiiibus
624 3009 671 3045 et
692 2970 831 3045 ’Sem
871 3014 924 3045 ac

138 3063 348 3113 Donatus
366 3074 653 3127 acceperunt.
675 3079 781 3110 narn
797 3064 926 3127 paul-

136 3129 186 3179 lo
206 3139 338 3175 ante:
373 3126 547 3186 Sfflulit
572 3128 795 3191 adfidera
820 3127 922 3191 pal-

137 3210 245 3241 mas.
311 3190 702 3248 Iis‘aetemitatem
736 3207 922 3246 numen,

135 3269 183 3305 et
202 3257 357 3305 locum
374 3255 426 3302 in
441 3255 735 3319 jurejurando
758 3255 918 3311 tribui,

130 3322 229 3384 jam
262 3319 366 3368 satis
392 3318 555 3367 docuit
576 3320 821 3369 Burmann.
858 3319 920 3367 ad

135 3385 189 3439 hs·
219 3385 257 3436 l.
319 3383 474 3435 Etiam
488 3381 923 3466 nonssrviolabileqbene

1005 2353 1154 2400 minus
1197 2354 1309 2401 bene
1352 2356 1528 2404 Servius
1569 2357 1788 2421 ἄφθαρτον

1002 2418 1199 2482 exprimi
1234 2419 1435 2483 putabat.
1504 2421 1576 2467 De
1613 2422 1788 2469 Penati-

1005 2481 1087 2529 bus
1144 2495 1222 2529 aut
1270 2483 1414 2531 Vestae
1464 2485 1589 2548 igne,
1653 2503 1786 2549 quem

1005 2547 1144 2594 etiam
1173 2547 1442 2611 Pomponius
1474 2551 1530 2595 ad
1554 2550 1600 2598 h.
1636 2551 1667 2596 l.
1707 2567 1787 2597 vo-

1006 2611 1148 2668 cavit,
1179 2612 1259 2675 qui
1284 2613 1587 2675 Trojanorum
1606 2615 1688 2660 effe
1705 2614 1784 2660 de·

1008 2675 1151 2731 beret,
1213 2676 1292 2722 vix
1337 2676 1480 2723 Sinon
1523 2677 1652 2740 loqui
1693 2678 1783 2727 fine

1007 2739 1159 2802 aliqua
1191 2739 1471 2787 affectatione
1507 2741 1675 2804 potuit,
1714 2742 1786 2788 in-

1006 2803 1165 2867 primis
1199 2820 1306 2851 cum
1336 2824 1429 2851 arae
1463 2810 1657 2869 offisque,
1694 2825 1787 2877 quos

990 2873 1137 2932 fugit,
1169 2868 1422 2931 sequantur,
1456 2870 1535 2933 qui
1567 2886 1670 2915 cum
1692 2869 1786 2918 istis

1008 2931 1124 2979 nihil
1165 2949 1406 2980 commune
1447 2932 1684 2979 habebant.
1716 2933 1782 2981 cf.

1003 3012 1097 3044 var.
1161 2997 1265 3045 lest.
1351 2999 1496 3060 Enst’s,
1551 2999 1783 3059 μάχαιραι,

1003 3061 1180 3122 coasts,
1232 3059 1451 3110 invidiose
1498 3077 1581 3126 pro
1633 3059 1797 3126 singu?

1001 3126 1103 3174 lari.

1074 3205 1180 3255 157.
1214 3189 1395 3237 Sacrata
1428 3188 1650 3239 Graiorum
1664 3193 1784 3264 jura

1001 3252 1121 3311 sunt,
1164 3254 1310 3301 nostro
1344 3252 1540 3316 judicio.
1586 3254 1785 3302 civxtatis

998 3318 1090 3382 jus,
1144 3318 1270 3381 quod
1311 3318 1510 3380 refhlvere
1562 3317 1606 3366 se
1648 3318 1785 3374 dicit,

1003 3393 1056 3432 ut
1106 3380 1268 3450 patriis
1309 3381 1484 3449 legibus
1526 3381 1694 3456 sciurus
1733 3382 1784 3431 in

1553 3458 1784 3499 elvnatem
