2294 4030
379 365 499 427 818⁴
795 340 1438 414 EXCURSUS
1512 334 1637 404 XV

367 508 586 568 dicendus
608 515 684 564 est.
753 510 998 574 Postquam
1028 502 1151 555 enim
1181 504 1384 554 eburnea
1420 516 1559 570 porta
1599 503 1711 555 falsa
1742 503 1875 554 exire
1897 491 2028 553 soma-

372 592 449 639 nia
485 590 622 643 dixit,
671 583 883 648 subjicit:
918 580 1114 637 AEneam
1153 594 1260 625 cum
1307 575 1487 642 Sibylla
1525 579 1587 639 ab
1621 578 1825 630 Anchise
1859 578 2024 628 eadem

366 680 495 730 porta
515 663 695 712 eburnea
730 659 815 706 effe
852 652 1094 709 emiffum3
1129 669 1224 715 quo
1261 651 1512 700 necessario
1543 651 1593 700 in
1615 669 1721 701 eam
1754 652 2026 702 sententiam

373 739 600 789 adducere
632 736 773 784 debet
805 733 1042 784 lestomm,
1075 741 1216 791 quam
1250 726 1351 789 jam
1394 744 1423 775 a
1461 725 1625 776 Servio
1663 726 1917 792 expolitam
1955 727 2030 776 vi-

375 816 479 863 deas
502 833 516 862 ε
548 812 664 862 velle
705 829 796 859 eum
829 805 1031 868 int-elligi,
1048 802 1183 868 falsa
1219 805 1290 867 eſje‘
1324 807 1464 851 omnia
1512 823 1608 869 quae
1653 806 1791 853 dixit.
1856 803 2032 868 Neque

376 889 509 937 aliter
546 886 768 950 accepisse
794 882 978 930 videtur
1003 877 1252 931 Ausonius,
1285 889 1513 942 quantum
1553 895 1615 926 ex
1648 878 1916 929 imitatione
1952 878 2029 927 iu-

378 963 540 1027 telligo
565 962 728 1024 Cupid.
754 960 868 1004 cruci
889 958 971 1019 aff.
997 970 1059 1019 99
1083 951 1183 1016 sqq·
1254 953 1375 1016 Qiae
1399 952 1431 1000 fi
1467 958 1619 1014 po'etae
1650 969 1781 1001 mens
1815 953 1925 1008 fuit,
1955 952 2049 1001 rii-²

378 1035 445 1085 hil
488 1052 690 1100 unquam
725 1051 751 1080 a
790 1030 1013 1094 quopiam
1054 1032 1197 1090 poeta
1219 1027 1371 1091 magis
1387 1027 1616 1079 sinistrum
1649 1026 1906 1093 profefium
1939 1029 2031 1078 effe

378 1112 596 1163 arbitror,
632 1123 737 1157 cum
777 1104 926 1152 omnis
964 1119 1024 1150 ex
1060 1102 1418 1166 praestantiflimo
1441 1102 1652 1167 episodio
1688 1116 1913 1168 percepta
1942 1120 2037 1152 voa⁴

378 1189 525 1251 luptas
555 1187 643 1233 hoc
673 1199 762 1231 uno
794 1178 1203 1243 versu-perimatur
1234 1190 1280 1226 et
1305 1174 1561 1244 juguletur.
1632 1178 1739 1229 Nec
1779 1180 2031 1245 quicquam

380 1260 639 1326 excogitari
680 1268 864 1323 poterat
908 1252 1162 1302 absurdius.
1231 1253 1468 1319 Qorsum
1509 1253 1632 1302 enim
1678 1256 1911 1319 pertinere
1947 1272 2033 1320 po·-

380 1338 479 1391 test‚
514 1352 594 1384 nos
631 1331 824 1384 moneri,
859 1331 976 1385 haec‚
1024 1346 1126 1392 quae
1166 1327 1318 1377 adhuc
1352 1341 1450 1379 tam
1491 1328 1686 1396 egregie
1721 1331 1909 1386 fuerant
1951 1346 2032 1384 ex·-

383 1412 546 1477 poffla,
579 1406 877 1475 popularibus
909 1403 1202 1467 opinionibus
1243 1402 1303 1451 ad
1341 1404 1682 1469 philosophicas
1722 1407 1927 1456 rationes
1959 1419 2032 1456 at-

382 1486 669 1550 temperatiS,
701 1482 857 1531 omnia
881 1497 936 1528 ea
959 1480 1046 1527 effe
1069 1477 1228 1526 inania
1251 1475 1443 1535 somnia,
1462 1480 1628 1545 quibus
1657 1481 1841 1531 lectoris
1862 1482 2035 1535 hiantis

384 1564 535 1611 animo
565 1559 756 1607 illudere
779 1555 1016 1604 voluerit?

449 1639 555 1684 Nec
598 1648 749 1682 tamen
784 1628 992 1685 defuere,
1027 1629 1127 1695 qui,
1162 1646 1270 1678 cum
1317 1629 1555 1680 confilium
1591 1633 1681 1681 hoc
1721 1639 1876 1697 poetae
1923 1649 2038 1697 pro..

383 1713 575 1779 positum
598 1710 724 1758 fuiffe
760 1718 993 1772 putarent,
1029 1723 1136 1754 eum
1168 1723 1259 1754 non
1290 1707 1432 1756 modo
1467 1704 1771 1759 defenderent
1805 1722 1858 1759 et·
1886 1710 2037 1760 inter*

380 1800 689 1854 pretarentur,
720 1785 842 1832 inter
865 1799 980 1848 quos
1012 1799 1148 1831 nemo
1174 1783 1459 1848 ingeniosior
1502 1785 1684 1834 Aurato
1722 1786 1771 1834 in
1805 1785 1950 1852 elegis
1975 1784 2036 1836 ad

386 1866 643 1919 Guellium‚
677 1878 839 1911 verum
875 1861 993 1908 adeo
1033 1860 1276 1909 laudarent
1309 1873 1358 1909 et
1399 1861 1598 1927 egregie
1633 1863 2039 1920 commendarent,

385 1943 556 2007 quippe
580 1941 661 2006 qui
692 1951 786 1988 tam
818 1936 1095 2002 perspicacis
1131 1936 1277 1985 animi
1316 1937 1479 1993 fuerit,
1514 1952 1564 1986 ut
1587 1941 1760 1989 Manes
1781 1953 1829 1989 et
1854 1942 2037 1991 Orcum

387 2018 565 2065 fabulas
604 2017 689 2063 effe
728 2014 924 2062 videret.
995 2012 1094 2060 Alii
1124 2014 1369 2078 vulgarem
1411 2014 1471 2063 de
1503 2020 1656 2080 poetae
1697 2016 1844 2066 studio
1879 2018 2036 2082 philo-

386 2093 551 2155 sophiae
581 2091 819 2156 Epicureae
851 2088 1118 2153 opinionem
1160 2089 1207 2137 in
1235 2100 1391 2155 partes
1416 2105 1667 2147 vocarunt,
1703 2106 1752 2140 ut
1783 2094 1893 2158 post·
1921 2092 2039 2142 alios

388 2168 462 2216 vir
486 2166 655 2231 alioqui
691 2164 1013 2229 sagacissimus,
1051 2165 1258 2228 Jortinus
1291 2165 1413 2215 Diff.
1441 2168 1533 2222 VI,
1568 2184 1618 2232 p.
1647 2185 1737 2235 305
1763 2170 1862 2234 sqq.
1930 2169 2044 2218 No..

382 2242 416 2292 li
459 2245 505 2292 in
540 2242 795 2291 refellendis
835 2241 935 2288 aliis
969 2241 1117 2289 otium
1157 2242 1464 2300 consumere;
1499 2244 1583 2311 sed*
1616 2257 1715 2294 tota
1753 2245 1838 2294 ista
1877 2245 2040 2309 opinio

386 2318 810 2366 Grammaticorum
833 2329 1149 2365 commentum
1184 2319 1246 2365 est
1283 2319 1421 2366 inane
1447 2332 1495 2367 et
1529 2321 1836 2370 fundamento
1867 2320 2040 2369 idoneo

383 2393 652 2441 destituitur.
687 2392 785 2440 vid.
811 2393 1091 2456 Argument-
1121 2391 1224 2441 Ecl.
1260 2394 1352 2442 VI.
1426 2394 1478 2443 Si
1517 2397 1660 2460 po‘e'ta
1696 2398 1791 2445 Ge.
1827 2396 1904 2450 II,
1937 2409 2039 2459 490

377 2463 451 2533 ‘sq.
488 2470 639 2517 verfus
683 2484 742 2516 ex
801 2468 1021 2516 Lucretio
1065 2468 1382 2525 adumbravit,
1415 2486 1508 2519 non
1552 2483 1807 2536 propterea
1842 2464 2041 2536 Epicuri

389 2543 514 2592 sediae
547 2544 795 2607 adscriptus
834 2543 996 2591 haberi
1030 2546 1192 2608 potest.
1261 2544 1521 2594 Exordium
1557 2558 1714 2595 autem
1758 2546 1886 2596 Ciris
1916 2564 1987 2599 v.⁴
2011 2562 2038 2612 3

391 2621 561 2668 nullam
582 2618 721 2666 habet
740 2617 966 2681 probandi
984 2617 1079 2666 vim
1111 2633 1158 2667 et
1182 2619 1520 2669 audioritatem.

410 2725 415 2728 -
458 2695 812 2747 Warburtonus,
845 2691 935 2741 Vir
982 2693 1377 2757 ingeniofiffimus,
1423 2695 1474 2744 in
1511 2695 1630 2744 Diss.
1678 2696 1815 2762 supra
1851 2695 2043 2745 laudata

390 2783 449 2820 ex
472 2770 709 2835 hypothefi
731 2769 809 2816 sua
840 2768 899 2816 de
931 2769 1158 2832 mysteriis
1192 2769 1428 2821 Eleufiniis
1465 2789 1494 2820 a
1529 2774 1674 2836 poeta
1695 2773 2041 2838 expreffisrrem

391 2862 484 2895 vnon
530 2846 648 2892 male
691 2841 910 2907 expedire
954 2844 1104 2892 videri
1163 2858 1368 2909 poterat,
1402 2863 1509 2896 cum
1553 2845 1781 2903 initiatos,
1815 2848 1915 2912 post
1953 2847 2039 2896 ista

395 2937 545 2970 rerum
584 2920 833 2969 inferarum
876 2920 1086 2983 mythica
1125 2921 1400 2985 speaaeula,
1447 2934 1583 2986 porta
1613 2923 1792 2973 emiss‘os
1837 2922 1926 2972 effe
1967 2923 2039 2971 as-

396 2997 623 3044 severaret
645 2995 816 3042 affabre
850 2996 994 3043 effleta
1032 2995 1243 3062 adeoque
1278 2998 1442 3048 eburna
1461 3017 1477 3056 ;
1513 2996 1590 3046 sed
1623 2998 1744 3048 unde
1781 2997 1896 3048 istud
1930 3015 2043 3064 pro⁴

398 3073 497 3121 bari
519 3073 666 3138 poffit,
699 3088 885 3119 monere
906 3072 1089 3136 insuper
1110 3075 1292 3124 habuit.

428 3199 431 3201 ,
465 3149 631 3198 Multis
666 3146 859 3197 aliorum
905 3151 1140 3199 auctorum
1180 3152 1294 3201 loeis
1351 3152 1423 3200 hae
1461 3149 1636 3199 eaedem
1687 3150 1849 3200 Somni
1899 3162 2046 3216 portae

401 3238 744 3281 memorantur3
799 3225 972 3290 quippe
1037 3242 1140 3291 quae
1189 3228 1238 3276 in
1307 3221 1548 3292 proverbii
1604 3226 1791 3275 tandem
1846 3226 2047 3275 formam

404 3301 628 3353 abierunt,
662 3313 893 3362 praeeunte
932 3302 1126 3351 Platone
1161 3303 1210 3352 in
1238 3302 1494 3352 Charmide
1532 3314 1645 3368 pag.
1691 3318 1784 3368 475
1827 3302 1903 3359 E;
1959 3319 2044 3351 nec

402 3386 556 3423 tamen
591 3373 640 3421 in
673 3373 728 3421 iis
766 3374 881 3424 locis
925 3375 1172 3441 quicquam
1217 3376 1785 3440 animadverterevpotun
1817 3376 1947 3441 quod
1987 3378 2048 3428 ad

407 3455 588 3512 poetam
631 3447 941 3497 illustrandum
980 3451 1094 3500 lucis
1124 3453 1370 3518 quicquam
1407 3452 1604 3501 afferret.
1637 3451 1732 3500 vid.
1756 3453 1967 3517 congesta
1988 3453 2058 3500 ad.

362 3558 364 3561 v
410 3521 607 3592 Propert.
632 3523 724 3582 IV,
755 3543 804 3591 7,
842 3530 921 3591 87,
955 3527 1033 3576 ubi
1055 3538 1144 3594 piae
1155 3543 1313 3596 portae,
1343 3527 1393 3583 h.
1414 3530 1819 3594 e0quapiasomnia
1840 3520 2051 3651 ireniquilt,

420 3626 421 3629 ’
1913 3618 1973 3651 nu
2014 3619 2052 3653 τε

2285 3262 2294 3287 st.
2284 3215 2294 3252 22--
2282 3177 2294 3203 ..ι
2276 2584 2294 3167 MuMeQ-ufflfflssa-kn.
2274 2546 2294 2573 -Ι,
2284 2528 2286 2530 -
2279 2510 2282 2512 ·
2267 2434 2285 2452 2
2281 2406 2285 2415 ⁴
2290 2317 2294 2330 -
