2294 4030
419 357 598 427 '152
848 347 1488 422 EXc-U’RSUS'
1557 348 1722 420 XXI

482 523 787 598 navigatione
836 530 895 579 ad
926 531 1151 581 ulteriora
1190 530 1569 606 fafta,1beriam
1608 544 1792 595 quoque
1829 527 1881 577 in
1919 522 2138 578 notitiam

482 607 671 657 venisse.
738 605 937 671 Reliqua
982 606 1129 655 Italiae
1168 604 1376 659 nomina,
1427 621 1536 653 cum
1574 614 1705 661 certo
1743 619 1860 670 agro
1882 604 1960 651 vel
1998 602 2136 652 cert'ae

481 681 686 746 regioni,
722 696 863 745 quam
912 680 1117 743 primum
1161 679 1372 727 adierant
1415 680 1494 727 vel
1543 679 1736 728 coloniis
1787 679 2141 743 frequentat-ant

488 754 668 809 Graeci‚
701 756 839 803 effent
878 754 1088 819 propria,
1122 753 1181 800 ad
1221 753 1494 802 remotiores
1532 766 1700 809 terraS,
1733 752 1874 801 modo
1907 750 2140 817 angustius

487 828 629 878 modo
662 829 818 883 latius,
842 828 1134 891 'tandemque
1154 826 1214 874 ad
1239 838 1387 875 totum
1409 829 1533 877 hunc
1557 827 1617 876 ab
1639 827 1838 893 Alpibus
1861 841 2141 892 procurren-

486 918 583 954 tem
628 906 825 952 trac'tum
868 903 998 952 fuere
1051 902 1273 950 tradu&a.
1361 903 1567 952 (Enotria
1610 903 1671 951 ab
1713 902 1851 952 initio
1893 901 1983 950 fuit
2026 914 2144 964 ager

485 980 609 1029 inter
634 978 927 1027 Lameticum
958 978 992 1026 s.
1031 977 1298 1026 Terinaeum
1322 978 1464 1027 finum
1489 995 1543 1026 ac
1568 977 1853 1042 Scylaeium,
1887 976 1970 1041 qui
2001 974 2143 1024 serio-

487 1053 617 1103 ribus
658 1052 943 1118 temporibus
982 1052 1273 1101 Bruttiorum
1307 1064 1425 1100 erat.
1493 1054 1788 1117 Appulerunt
1812 1051 1934 1100 enim
1955 1046 2144 1099 OEnotri

489 1127 674 1192 Pelasgi
708 1127 757 1175 in
795 1126 953 1175 littore
988 1128 1078 1174 hoc
1119 1126 1267 1174 Italiae
1300 1125 1539 1182 interiore,
1573 1139 1714 1191 atque
1750 1125 2012 1176 Ausonibus
2033 1122 2146 1173 hine

488 1202 645 1265 ‘ejectis
673 1202 962 1267 protulerunt
997 1203 1106 1250 fines
1141 1202 1242 1250 suos
1271 1201 1474 1266 primum
1506 1202 1660 1251 versus
1688 1203 1841 1251 Laum
1873 1200 2065 1250 fluvium
2097 1207 2147 1246 et

491 1279 824 1343 Metapontum
869 1278 1049 1333 urbem,
1083 1294 1193 1325 mox
1238 1277 1377 1342 usque
1419 1273 1480 1324 ad
1525 1270 1725 1326 Silarum
1765 1290 1814 1326 et
1859 1274 2147 1328 Bradanum,

489 1352 613 1400 forte
648 1352 789 1400 etiam
825 1351 992 1408 latius;
1029 1352 1279 1414 Dionysius
1317 1351 1504 1415 quidem
1543 1353 1627 1401 hos
1666 1352 1786 1417 ipsos
1828 1351 2044 1415 Pelasgos
2084 1348 2147 1398 ad

491 1428 683 1476 Latium
723 1428 979 1492 progressos
1019 1427 1211 1476 Umbris
1251 1428 1506 1492 Siculisque
1545 1430 1755 1494 expulsus
1794 1440 1842 1477 et
1880 1444 1988 1476 curn
2013 1425 2148 1476 Abo-

491 1503 724 1569 riginibus
760 1502 1021 1567 permixtos
1046 1516 1101 1550 ea
1122 1505 1227 1552 loca
1250 1504 1438 1552 tenuiffe
1463 1519 1618 1553 narrat
1638 1517 1653 1563 '3
1686 1505 1763 1553 sed
1797 1521 1857 1554 ex
1879 1501 2148 1567 opinatione

490 1578 560 1627 ita
600 1580 795 1625 statuens
814 1596 828 1633 ;
862 1595 968 1626 cum
1004 1595 1096 1626 non
1121 1576 1412 1634 meminisset,
1447 1581 1638 1628 alteram
1665 1579 1962 1646 Pelasgorum
1985 1575 2148 1626 multi-

488 1652 704 1701 tudinem
724 1653 772 1701 in
796 1669 923 1700 mare
953 1653 1242 1701 Adriaticum
1259 1655 1467 1702 eveEtam
1501 1655 1685 1704 aliunde
1704 1672 1788 1719 per
1809 1653 2062 1703 Umbriam
2086 1650 2147 1699 ad

490 1728 574 1777 ista
604 1729 709 1776 loca
745 1728 1016 1791 penetrasse.
1084 1725 1283 1795 Propter
1315 1728 1644 1793 cognationem
1678 1729 1826 1793 stirpis
1860 1742 2034 1783 tamen,
2067 1737 2149 1775 aut

493 1803 636 1851 'etiam
665 1800 913 1850 secundum
948 1798 1077 1850 illam
1113 1802 1340 1866 Dionysio
1379 1821 1563 1868 quoque
1585 1804 1833 1871 probatam
1856 1804 2148 1870 opinionem,

494 1878 685 1927 OEnotri
726 1890 870 1926 totam
907 1878 1093 1926 Italiam
1132 1878 1373 1926 obtinuisse
1410 1879 1506 1928 dici
1543 1882 1741 1945 poss'unt,
1790 1891 1839 1929 et
1874 1879 1973 1944 ipsa
2011 1877 2151 1927 Italia

497 1954 720 2008 OEnotria,
755 1953 823 2001 uti
864 1969 891 2000 a
923 1953 1154 2017 prioribus
1189 1952 1355 2000 incolis
1375 1955 1584 2016 Atfinia,
1617 1965 1666 2003 et
1706 1971 1733 2002 a
1757 1953 2019 2009 Chonibu3‚
2059 1953 2150 2000 OE-

495 2043 735 2079 notrorum
774 2042 925 2095 parte,
961 2030 1148 2077 Chonia.
1218 2031 1498 2079 Accuratius
1534 2032 1631 2079 haec
1656 2030 1903 2079 secundum
1929 2029 2153 2078 Aristote—

494 2108 589 2156 lem
611 2108 669 2155 de
694 2124 793 2170 rep.
827 2109 949 2162 VII,
991 2123 1049 2155 10
1068 2120 1115 2155 et
1139 2106 1415 2156 Strabonem
1437 2109 1510 2159 VI
1534 2127 1585 2173 p.
1612 2125 1702 2174 391
1732 2119 2004 2173 comparato
2028 2106 2151 2156 Dio«

495 2183 625 2245 nyfio
648 2184 692 2236 I,
733 2198 749 2230 1
767 2198 784 2230 1
814 2181 880 2246 sq.
921 2198 977 2246 35
1005 2182 1071 2246 sq.
1109 2182 1208 2246 post
1242 2182 1518 2230 Cluverium
1540 2201 1567 2231 a
1590 2184 1724 2232 nobis
1747 2182 1954 2248 expolita
1975 2183 2077 2231 sunt
2098 2180 2151 2235 in

497 2259 741 2308 Guthriani
773 2257 924 2321 operis
961 2256 1250 2321 (Allgemeine
1286 2258 1661 2322 Wltgqschichte)
1688 2260 1950 2308 recenfione
1972 2258 2037 2306 T.
2073 2257 2151 2307 IV

495 2351 548 2398 p.
584 2352 642 2400 75
681 2335 744 2399 sq.
770 2347 816 2382 et
852 2335 912 2381 al.
950 2334 1171 2381 Succeffit
1205 2335 1360 2383 Italiae
1394 2352 1582 2392 nomen,
1615 2337 1757 2402 idque
1792 2337 1950 2401 paullo
1979 2334 2149 2394 seriu33

498 2416 768 2473 nuncfama,
802 2409 1003 2456 minores
1027 2409 1206 2458 Italiam
1228 2413 1376 2475 dixfft
1397 2414 1515 2460 ducis
1538 2416 1588 2460 de
1610 2419 1769 2461 nomine
1782 2425 1950 2477 gentem
1963 2430 1982 2469 ‚·
2018 2411 2151 2476 Ergo

498 2485 701 2548 Trojani
731 2485 890 2532 saltem
914 2484 1025 2533 belli
1061 2498 1269 2550 tempore
1292 2486 1340 2534 in
1364 2487 1591 2537 OEnotriae
1607 2489 1762 2538 locum
1785 2490 1984 2537 alterum
2003 2486 2153 2535 Italiae

502 2577 672 2609 nomen
694 2559 953 2613 succeffiffe,
990 2559 1200 2608 audierat
1222 2561 1469 2626 Virgilius.
1540 2563 1781 2612 Convenit
1801 2564 1893 2612 hoc
1924 2563 2021 2611 fere
2043 2575 2152 2610 cum

499 2653 575 2692 e0,
599 2636 723 2700 quod
746 2634 941 2699 Dionys.
965 2635 1126 2684 Halic.
1152 2636 1311 2692 habet,
1347 2638 1494 2686 XVII
1516 2645 1669 2698 «γενεαῖς
1685 2640 1760 2688 seu
1783 2639 1991 2687 aetatibus
2013 2637 2064 2685 h.
2105 2651 2153 2683 e.

500 2727 599 2778 459
646 2711 775 2759 annis
820 2722 928 2759 ante
963 2710 1137 2758 bellum
1176 2711 1458 2774 Trojanum,
1493 2711 1717 2762 OEnotros
1761 2713 1950 2762 Italiam
1995 2709 2152 2759 acces-

497 2788 625 2835 fiss‘e:
678 2788 758 2834 etsi
806 2787 896 2834 hoc
947 2785 1213 2847 conjectura
1269 2798 1468 2841 tantum,
1534 2804 1687 2852 neque
1736 2804 1793 2837 ea
1831 2788 1938 2837 satis
1976 2785 2151 2853 proba-

499 2862 603 2917 bili,
638 2859 886 2925 apposuiffe
929 2858 1080 2908 videri
1121 2860 1293 2910 debet:
1333 2862 1399 2909 cf.
1441 2863 1557 2910 Exc.
1583 2864 1660 2913 IV
1682 2863 1743 2912 ad
1765 2863 1850 2912 lib.
1875 2861 1978 2914 VII
2018 2859 2152 2910 Add.

503 2938 823 2987 Cemmentat.
857 2938 909 2983 de
933 2933 1112 3000 fabulis
1153 2937 1238 2984 Gr.
1282 2940 1398 2985 inter
1439 2938 1636 3002 Etrustos
1674 2937 1724 2987 in
1769 2939 1837 2988 T.
1878 2938 1978 2987 ΙΙΙ.
2021 2936 2150 2985 Nov-

502 3015 667 3062 Comm.
707 3014 801 3058 Soc.
836 3012 905 3058 Sc.
940 3012 1137 3075 Gotting.
1172 3028 1222 3075 p.
1265 3029 1344 3078 35.
1387 3015 1464 3077 36.
1531 3014 1690 3078 Ipsum
1724 3015 1880 3063 Italiae
1900 3030 2071 3063 nomen
2090 3011 2154 3061 ab

500 3089 638 3138 initio
669 3086 739 3134 illi
776 3085 900 3150 parti
934 3084 1025 3134 fuit
1055 3086 1317 3151 proprium,
1351 3086 1474 3135 intra
1495 3087 1626 3151 cujus
1649 3090 1760 3138 fines
1781 3089 2000 3138 OEnotria
2020 3086 2154 3153 prin-

502 3164 631 3230 cipio
667 3161 1007 3216 includebatur,
1049 3162 1285 3212 Antiocho
1317 3162 1562 3227 Syracusio
1595 3165 1706 3213 teste
1728 3163 1853 3229 apnd
1875 3163 2153 3212 Strab0nem

502 3241 599 3297 VI,
631 3257 682 3305 p.
710 3254 824 3305 391,
859 3248 908 3286 et
927 3236 1126 3302 Dionys.
1150 3238 1309 3288 Halic.
1334 3239 1378 3294 I,
1417 3254 1494 3304 34.
1564 3241 1642 3289 Ab
1664 3236 1812 3296 Italo,
1834 3239 1916 3305 qui
1938 3255 1999 3288 ex
2022 3237 2172 3304 regi-¹

502 3316 591 3364 bus
635 3316 734 3380 post
777 3312 1029 3363 OEnotrum
1066 3314 1222 3379 gentis
1261 3314 1552 3363 conditorem
1594 3316 1701 3372 fuit,
1751 3332 1923 3364 nomen
1963 3314 2154 3365 ductum

501 3390 630 3439 idem
664 3388 923 3438 Antiochus
958 3387 1232 3446 tradiderat,
1266 3406 1314 3438 v.
1338 3389 1444 3438 loca
1465 3389 1621 3440 laudd.
1687 3389 1958 3439 Hellanicus
1997 3400 2154 3439 autem

505 3464 697 3516 Lesbius
721 3480 829 3513 cum
862 3463 1050 3514 Timaeo
1071 3481 1148 3530 ap.
1186 3463 1315 3514 Gell.
1357 3465 1449 3522 XI,
1487 3483 1505 3514 1
1537 3466 1724 3532 aliisque
1746 3483 1775 3516 a
1796 3466 1976 3521 vitulis,-
1993 3466 2118 3514 ἲοτωλ
2118 3471 2155 3513 ῖς·

513 3541 786 3608 (Leguntur
820 3539 1036 3592 eadem
1020 3557 1071 3591 m
1108 3540 1398 3609 Apollodoro
1431 3542 1503 3600 ΙΙ,
1538 3559 1589 3610 5,
1628 3559 1704 3600 ιο,
1738 3542 1817 3594 sed
1837 3559 1883 3592 ν.
1924 3542 2080 3591 Notas
2099 3558 2153 3607 p.

1895 3631 1995 3683 400
2016 3616 2136 3687 squ
2099 3646 2149 3679 ,
