2372 4030
470 416 714 465 vaux
759 468 766 477 ,
811 391 1173 478 DISQII,
1225 388 1356 456 DE
1388 386 1607 455 RER.
1644 383 1750 452 IN
1781 382 1976 460 AEN.

734 860 1672 995 DisQUIsITio
1772 876 1872 955 11.

530 1092 660 1151 DE
725 1086 1074 1146 RERUM
1142 1082 1250 1141 IN
1316 1077 1746 1141 AENEIDE
1805 1071 2107 1133 TRAC-

684 1206 1186 1267 TATARUM
1252 1197 1943 1262 INVENTIONE.

485 1559 823 1676 QUALE
873 1591 944 1656 in
994 1584 1400 1655 inveniendis
1456 1583 1646 1652 rebus
1676 1585 1952 1654 omnino
1987 1582 2145 1653 Vir-

487 1707 630 1797 gilii
654 1702 999 1795 ingenium
1031 1698 1252 1776 fuerit‚
1301 1721 1438 1763 non
1470 1713 1607 1765 tam
1662 1695 2022 1769 fecundum
2056 1701 2144 1768 il-

487 1819 607 1888 lud
654 1821 723 1886 in
772 1814 1225 1907 excogitandis
1279 1812 1466 1879 novis
1514 1836 1731 1880 rerum
1767 1814 2144 1905 generibuS,

488 1957 609 2000 nec
640 1931 850 1999 audax
876 1929 956 1996 ad
1001 1926 1403 2018 suscipienda
1452 1928 1556 1994 vel
1591 1928 1895 1996 tentanda
1927 1929 2146 1998 inten-

489 2063 620 2115 tata
642 2046 720 2112 ab
753 2046 893 2112 aliis
922 2059 984 2110 et
1002 2044 1267 2122 intasta,
1302 2057 1413 2110 aut
1445 2067 1544 2121 ea,
1581 2068 1868 2135 quorum
1894 2042 2146 2115 succes-

491 2161 594 2230 sus
624 2160 773 2229 effet
804 2160 1041 2227 dubius
1070 2175 1134 2224 et
1164 2159 1443 2225 incertus
1469 2191 1489 2235 3
1527 2158 1655 2235 sed,
1690 2182 1839 2250 quae
1870 2181 1990 2226 nec
2014 2159 2147 2226 mi·-

493 2301 614 2344 nor
637 2278 776 2342 laus
803 2275 915 2351 est,
950 2290 1183 2340 natum
1207 2290 1270 2339 et
1291 2270 1542 2339 factum
1564 2272 1643 2339 ad
1672 2274 1938 2341 inventa
1967 2274 2148 2366 prio-

492 2414 643 2459 rum
676 2389 860 2457 rudia
890 2405 953 2455 et
984 2386 1283 2455 inchoata
1313 2388 1706 2478 perficienda
1735 2405 1798 2455 et
1841 2388 2150 2480 polienda

493 2502 912 2594 ornandaque
935 2535 957 2580 ,-
991 2527 1190 2595 quam
1218 2503 1614 2588 admirabilis
1650 2527 1849 2594 porro
1880 2494 1954 2572 ac
1986 2502 2149 2572 felix

496 2615 763 2695 fabulae,
795 2641 995 2708 quam
1017 2617 1133 2686 fibi
1153 2618 1456 2684 carminis
1477 2635 1936 2710 argumentum
1962 2617 2171 2698 fecit,'

496 2749 725 2800 natura
752 2730 825 2798 fit
857 2747 918 2797 et
944 2747 1270 2824 quantum
1305 2732 1371 2798 in
1397 2730 1525 2800 hoc
1550 2734 1799 2804 dileetu
1821 2733 2154 2826 judicium

496 2848 825 2915 emineatz
876 2845 1201 2937 superiore
1248 2843 1721 2936 Disquifitione
1773 2849 2150 2939 expositum

499 2960 613 3030 est.
714 2959 964 3039 Restat,
1019 2959 1202 3053 quod
1249 2962 1368 3030 illo
1398 2964 1546 3029 loco
1576 2964 1860 3055 polliciti
1906 2963 2153 3044 sumus,

497 3092 571 3145 ut
601 3075 822 3169 paucis
855 3074 1274 3150 declaremus,
1300 3075 1452 3141 unde
1467 3083 1654 3166 pok'ta
1658 3078 1955 3167 fabulam
1959 3084 2153 3170 suam

498 3192 739 3282 ejusque
769 3208 894 3256 tam
924 3190 1150 3279 copiqse
1178 3190 1543 3279 itgstruendae
1569 3210 1632 3258 et
1654 3195 1940 3263 ornandae
1960 3214 2154 3265 mate-

501 3307 656 3372 riam
688 3307 1015 3396 acceperit,
1064 3322 1139 3372 ut
1173 3306 1325 3372 inde
1358 3307 1590 3375 clarius
1623 3325 1950 3402 appareat,
1997 3337 2152 3407 quae

500 3435 566 3485 et
601 3436 845 3509 quanta
876 3422 1125 3489 inventi
1153 3423 1290 3488 laus
1321 3429 1535 3512 po'etae
1567 3424 1834 3516 ingenio
1874 3451 1950 3495 ea
1985 3427 2054 3496 in
2085 3451 2154 3496 re

500 3529 828 3614 debeatur,
880 3551 940 3604 et
992 3560 1195 3628 quam
1255 3537 1562 3605 limatum
1611 3555 1674 3607 et
1730 3540 1959 3609 subtile
2012 3543 2152 3635 ejus

1957 3651 2154 3721 fuerit

2362 221 2372 301 m—fr
2362 195 2366 207 -
