2372 4030
375 354 508 424 DE
536 357 853 435 CARM.
874 332 1171 442 ²E1>1co
1203 344 1571 440 'VIRGIL
1652 396 1915 451 xxxvn

243 523 514 629 poterat
534 526 593 596 ἶ
659 527 916 598 Infestae
949 531 1137 601 deae
1117 559 1211 603 1ra
1233 537 1577 628 asperrima
1605 563 1668 614 et
1697 573 1778 618 ex
1811 553 1910 619 al-

259 660 395 734 tera
423 658 604 735 parte
632 659 727 712 tot
753 644 1024 715 deorum
1053 651 1340 718 monitus
1382 662 1906 745 expestationem

250 756 511 825 faciunt
533 782 842 849 magnam
871 764 936 829 ³¹⁶.
1035 767 1206 851 Qae
1239 769 1462 834 omnia
1490 794 1643 836 cum
1675 773 1757 838 ad
1800 801 1903 842 re-

253 897 407 943 rum
452 853 1000 968 magnitudinem,
1069 902 1220 969 quae
1275 882 1574 949 animum
1620 886 1905 958 admira,

253 977 432 1056 tione
463 989 766 1065 detineat,
812 991 1088 1067 valeant,
1137 994 1219 1060 ad
1249 999 1630 1065 narrationis
1661 1002 1898 1091 proba-

251 1106 587 1194 bilitatem·
627 1108 885 1198 egregie
948 1131 1215 1200 quoque
1285 1111 1429 1178 sunt
1500 1132 1891 1206 comparata.

247 1220 377 1292 *Sed
407 1243 561 1287 cum
593 1221 779 1310 plura
811 1219 1004 1310 hujus
1046 1224 1299 1311 generis
1346 1228 1585 1293 narrari
1628 1230 1891 1317 poffint,

243 1349 311 1399 et
342 1334 412 1400 in
436 1334 635 1400 Notis
667 1349 728 1399 et
762 1333 1157 1402 Excurfibus
1212 1338 1443 1427 paffim
1491 1357 1711 1407 notata
1741 1342 1888 1422 fint,

243 1449 316 1550 in
357 1447 603 1516 dilectu
650 1465 868 1515 tamen
918 1450 1141 1519 AEneae
1198 1455 1422 1543 magni
1449 1463 1659 1545 poeltae
1706 1459 1892 1548 inge-

237 1562 428 1631 nium
459 1582 532 1631 ac
549 1563 877 1654 judicium
908 1565 1181 1633 dostum
1205 1586 1266 1633 et
1291 1569 1691 1659 exquisitum
1719 1572 1889 1645 nihil
1971 1588 1973 1593 ’

239 1684 451 1774 'magis
501 1685 733 1774 arguit,
782 1708 983 1775 quam
1041 1684 1219 1774 quod
1270 1711 1422 1752 eum
1474 1686 1882 1777 potiffimum

235 1796 571 1863 Carminis
622 1795 717 1863 sui
779 1796 1048 1863 heroem
1091 1797 1571 1888 circumspexit,
1642 1802 1757 1891 qui
1811 1803 1883 1871 in

236 1913 500 1980 Italiam
561 1914 1006 2004 Trojanorum
1105 1915 1432 1980 coloniam
1495 1914 1876 1996 deduxerat,

230 2009 489 2095 novum·
531 2049 811 2118 regnum
861 2028 930 2093 in
982 2029 1172 2094 Latio
1222 2027 1654 2107 constituerat,
1703 2030 1876 2097 unde·

231 2123 423 2208 Albae
457 2144 736 2233 Longae,
784 2138 1076 2233 adeoque
1100 2144 1297 2208 etiam
1322 2144 1559 2208 Romae
1590 2145 1876 2234 origines

228 2252 704 2347 repetebantur,
753 2255 1003 2348 quique
1027 2255 1212 2337 adeo,
1264 2255 1377 2323 etfi
1401 2281 1521 2326 nec
1549 2257 1735 2324 nobis
1766 2258 1871 2326 in-

289 2517 322 2553 *
360 2516 618 2592 Singularis
641 2525 703 2574 est
723 2523 1023 2574 Mar-mentelii
1043 2523 1232 2573 censura
1264 2522 1311 2572 in
1343 2522 1601 2590 Virgilium
1634 2527 1871 2591 (Pob'tique

224 2602 395 2669 Fraus.
427 2604 492 2652 T.
529 2604 602 2658 ΙΙ,
635 2619 683 2666 p.
726 2602 873 2667 237),
923 2601 1004 2649 soli
1044 2600 1347 2665 superstitioni
1393 2601 1735 2664 superstruc‘tum
1781 2604 1868 2652 effe

225 2679 420 2730 AEneae
407 2676 456 2742 ιιι
477 2669 665 2727 Italiam
683 2677 954 2731 adventum,
988 2676 1196 2740 adeoque
1220 2676 1299 2724 nifi
1322 2676 1381 2723 ad
1399 2677 1575 2726 animos
1592 2677 1866 2740 superstitio-

222 2772 282 2811 ne
301 2755 435 2810 fimili
456 2758 600 2804 taftos
621 2754 718 2803 vim
740 2754 914 2802 nullam
931 2752 1102 2800 habere
1124 2753 1267 2816 poffe.
1334 2753 1403 2800 Ut
1426 2753 1569 2801 verbo
1587 2771 1683 2802 rem
1715 2754 1867 2803 absol·

221 2845 360 2881 vam:
398 2833 628 2881 Ponamus
644 2832 845 2879 AEneam
859 2828 1128 2894 posthabitis
1145 2828 1336 2877 deorum
1360 2829 1545 2878 monitis
1562 2829 1611 2878 in
1633 2830 1723 2878 alia
1740 2841 1867 2879 terra

219 2906 483 2964 causediffe,
514 2905 641 2976 apud
677 2905 916 2955 Didonem
945 2904 1098 2953 sedem
1134 2904 1290 2958 fixiffe,
1324 2903 1450 2968 quod
1483 2904 1558 2952 vir
1587 2904 1863 2956 acutiffimus

220 2980 455 3040 maleBat;
508 2994 558 3031 et
584 2975 868 3047 cogitemus,
901 2996 995 3045 quo
1019 2978 1174 3026 animo
1193 2978 1308 3028 illud
1339 2978 1475 3026 laturi
1506 2980 1670 3028 fimus'
1655 2981 1860 3028 interle

217 3057 427 3123 gendum
448 3058 524 3107 vel
543 3056 845 3107 audiendum.
889 3054 1033 3105 Aliud
1050 3056 1112 3103 est
1131 3055 1346 3118 Battezgs'
1329 3074 1344 3100 ι
1365 3070 1576 3109 acumen,
1600 3054 1679 3119 qui
1697 3072 1859 3103 narra-

204 3130 339 3180 .tioni
355 3131 415 3181 de
430 3131 635 3188 adventu
649 3133 811 3184 AEneae
830 3142 878 3179 et
891 3129 1205 3193 Trojanorum
1226 3129 1471 3177 inItaliam
1494 3129 1607 3177 nihil
1628 3129 1763 3178 ine-ffe
1782 3130 1857 3179 vi-

216 3202 316 3264 det,
348 3205 476 3273 quod
490 3205 788 3256 humanitatis
811 3205 985 3255 sensum
1004 3204 1221 3269 attingat.
1288 3203 1415 3288 Qid
1448 3207 1602 3251 vero?
1654 3203 1854 3252 alienum

214 3297 255 3330 a
264 3295 335 3338 te,
369 3282 402 3332 fi
422 3283 564 3332 homo
585 3296 659 3342 es,
686 3278 889 3348 putabis,
922 3297 984 3330 an
1005 3297 1202 3345 magnus
1226 3291 1274 3328 et
1304 3280 1478 3327 virtute
1500 3279 1648 3326 clarus
1684 3277 1760 3327 vir
1794 3295 1853 3330 ex

211 3356 400 3415 incensa
433 3358 606 3424 patria
623 3357 870 3424 profugus,
915 3374 944 3406 e
975 3356 1115 3408 clade
1148 3355 1331 3404 suorum
1370 3354 1605 3418 superstes,
1653 3355 1751 3418 post
1782 3366 1853 3403 tot

212 3435 463 3500 aerumnas
491 3444 539 3485 et
560 3432 684 3495 casus
701 3431 884 3484 fortiter
904 3431 1124 3498 perlatos,
1155 3429 1342 3480 tandem
1359 3428 1418 3481 ad
1436 3440 1581 3480 tutam
1599 3428 1751 3479 sedem
1767 3427 1850 3476 de.

206 3501 329 3565 latus
352 3507 439 3558 fit?

912 3656 949 3700 c
999 3655 1055 3708 2,
1589 3644 1845 3724 gratum
