2372 4030
536 358 619 436 ‘78
802 356 869 415 P.
933 351 1411 416 VIRGILII
1481 354 1968 425 MARONIS

538 517 714 578 Solve
733 532 925 585 metus
947 546 964 587 ;
995 517 1141 585 feret
1159 517 1287 578 haec
1308 517 1572 599 aliquam
1594 521 1706 610 tibi
1727 522 1886 584 fama
1904 525 2170 598 salutem.

535 631 635 692 Sic
665 634 764 705 ait,
793 647 966 712 atque
991 632 1258 692 anImum
1289 631 1519 712 pictura
1546 635 1736 714 pascit
1765 637 1946 711 inani,
2051 640 2176 716 464

537 744 744 805 Multa
758 765 1020 826 gemenS,
1033 746 1312 826 largoque
1328 747 1630 814 humectat
1650 749 1898 811 flumine
1918 751 2171 812 voltum.

535 907 681 949 datur:
711 925 828 950 rerum
845 918 878 949 et
894 918 1033 949 mentem
1056 912 1230 949 mortalia.
1285 910 1445 951 Senfiffe
1480 911 1558 952 hoc
1588 912 1750 954 videtur
1764 913 1857 970 ‘ipse
1887 916 2173 966 Burmannus3

535 972 672 1026 itaque
689 967 854 1027 apponit
874 974 1047 1027 alterum
1065 986 1076 1013 :
1093 977 1183 1026 sunt
1199 976 1371 1023 lacrimae,
1400 986 1434 1015 et
1451 993 1565 1015 rerum
1591 994 1641 1017 m.
1671 995 1722 1019 m.
1753 987 1780 1018 t.
1835 980 1995 1021 Tamen
2027 980 2093 1021 vel
2121 979 2176 1020 fic

533 1045 672 1076 manet
694 1037 881 1085 alterum,
909 1037 1016 1089 quod
1046 1050 1211 1078 monere
1234 1038 1480 1087 volebamus,
1508 1049 1554 1080 ut
1586 1041 1687 1082 illud
1718 1042 1824 1083 nude
1850 1043 2051 1096 pofitum:
2083 1045 2176 1084 Sunt

534 1102 709 1148 lacrimae,
735 1100 806 1140 fibi
840 1100 937 1153 quid
967 1099 1080 1148 velit,
1109 1113 1192 1140 non
1211 1101 1362 1143 videas.
1419 1103 1622 1144 Tentabat
1650 1104 1760 1145 idem
1791 1106 1854 1145 vir
1883 1104 2173 1160 sagaciffimus:

531 1173 566 1204 nt
576 1173 708 1218 gentem
727 1167 888 1203 mortalia
907 1173 1075 1217 tangunt3
1102 1165 1158 1204 ita
1190 1179 1287 1205 vero
1319 1167 1475 1220 poe'tica
1506 1168 1567 1207 vis
1597 1169 1714 1221 plane
1739 1170 1958 1224 jugulatur.
2016 1171 2176 1210 Scilicet

531 1227 711 1267 accidere
726 1228 804 1267 hoc
822 1228 1002 1267 nostrum
1024 1228 1164 1280 cuique
1184 1229 1297 1276 solet,
1327 1237 1373 1269 ut
1398 1230 1518 1269 semel
1539 1231 1663 1271 offusa
1682 1234 1810 1272 menti
1828 1234 1934 1273 nube
1963 1233 2007 1274 in
2026 1234 2172 1274 sudum

531 1305 740 1345 emergere
759 1305 1015 1344 nequeamus.
1073 1293 1305 1331 Burmanno
1323 1293 1435 1332 sensu
1455 1307 1586 1334 carere
1615 1296 1827 1336 videbatur
1857 1298 1979 1339 illud:
2012 1301 2174 1340 lacrimae

529 1372 668 1399 rerum.
724 1357 800 1396 Sed
819 1374 872 1396 res
891 1356 1121 1409 simpliciter
1139 1370 1213 1409 pro
1232 1357 1350 1397 rebus
1379 1358 1578 1407 humanis,
1609 1360 1756 1400 caslbus
1774 1362 2025 1412 mortalium,
2051 1372 2173 1417 atque

529 1422 655 1461 etiam
676 1422 725 1460 de
744 1421 862 1460 rebus
878 1419 1047 1460 adverfis
1065 1420 1203 1473 paffim
1227 1420 1321 1468 dici,
1347 1420 1480 1460 virum
1514 1422 1785 1463 doclissimum
1814 1438 1895 1464 non
1924 1424 2098 1476 latebat;
2125 1436 2173 1469 ut

530 1486 576 1526 in
596 1484 666 1523 illo
686 1497 848 1536 quantum
854 1487 938 1536 spes
957 1486 1080 1522 ultima
1111 1499 1226 1522 rerum
1254 1485 1420 1522 libertatis
1448 1485 1579 1524 habes?
1605 1488 1759 1527 Lucan.
1781 1490 1890 1536 VIII,
1919 1502 1946 1536 4
1946 1500 2014 1538 54.
2072 1500 2176 1532 tanta

528 1550 675 1589 homines
694 1565 807 1588 rerum
826 1550 1042 1602 incotfiantia
1063 1551 1180 1600 verfizt
1200 1548 1317 1588 Ovid.
1341 1550 1449 1588 Met.
1479 1551 1594 1599 XIII,
1621 1552 1717 1601 646.
1774 1553 1908 1592 Rebus
1930 1554 2116 1596 humanis
2142 1558 2173 1599 fi

526 1614 829 1660 illacrimamur‚
859 1613 991 1652 ferunt
1011 1612 1091 1651 illae
1106 1621 1146 1651 et
1165 1612 1366 1665 accipiunt
1383 1612 1578 1663 lacrimas,
1606 1629 1694 1669 quae
1718 1616 1809 1670 ipfis
1827 1617 2022 1657 debentur
2041 1634 2053 1668 3
2079 1621 2171 1662 sunt

528 1683 602 1719 ‘illis
620 1678 793 1718 lacrima:
810 1692 820 1725 3
848 1686 888 1716 et
907 1676 1063 1715 doctius
1080 1689 1090 1714 ε
1109 1679 1195 1727 fimt
1213 1678 1366 1716 lacrimae
1384 1692 1509 1716 rerum.

1620 1680 1714 1731 463.
1743 1690 1868 1719 metum
1887 1682 2007 1721 multi
2031 1684 2170 1740 scrip-ti

528 1755 577 1786 vaet
597 1744 704 1784 editi.
735 1742 882 1782 scilicet
916 1741 992 1781 hoc
1026 1742 1190 1794 vulgare
1223 1752 1263 1782 et
1290 1743 1460 1796 pedestri
1493 1746 1667 1785 orationi
1696 1747 1826 1800 magis
1851 1748 2173 1793 consentaneum.

523 1809 591 1850 1ta
611 1808 733 1848 etiam
758 1807 915 1846 docffius
933 1805 1057 1846 dixit:
1077 1808 1217 1858 solvere
1232 1816 1356 1845 metum
1378 1820 1498 1859 quam
1511 1811 1652 1861 solvere
1667 1820 1756 1850 metu
1773 1811 1822 1852 sc.
1850 1811 2044 1853 animum.
2086 1818 2172 1868 fir}

521 1877 604 1917 inec
623 1875 760 1912 Franc.
774 1885 813 1910 v.
837 1873 976 1911 Burm.

521 2009 647 2058 tibus
678 2009 891 2058 aliorum.
956 2023 996 2058 et
1015 2023 1185 2058 mentem
1200 2028 1305 2058 mor-

527 2076 639 2124 talia
676 2088 872 2141 tangunt,
904 2084 951 2120 et
993 2090 1059 2121 res
1100 2076 1307 2123 humanae

524 2139 757 2205 casusque,
811 2137 973 2202 quibus
1021 2139 1183 2200 jaclari
1236 2140 1308 2187 so-

523 2206 620 2254 lent
657 2204 883 2259 mortales,
923 2202 1125 2250 afficiunt
1159 2203 1308 2251 horni-

515 2283 652 2323 num,
686 2268 763 2332 qui
788 2269 865 2314 has
882 2279 1018 2313 terras
1038 2266 1310 2325 inhabitant,

516 2333 699 2381 'animos
735 2331 1036 2379 miseratione.
1102 2331 1212 2378 Tali
1234 2333 1304 2379 in-

515 2396 844 2461 terpretatione
873 2395 976 2443 satis
988 2395 1102 2444 lucis
1117 2395 1306 2444 affusum

519 2461 718 2508 verfibus
739 2460 944 2516 videtur;
982 2460 1063 2506 nifi
1087 2459 1303 2509 fallimur.

521 2525 648 2573 Illud
703 2541 810 2571 vero
864 2525 1148 2588 praeclarum,
1181 2526 1306 2587 quod

514 2589 813 2638 'humanitatis
832 2591 1005 2636 cultum
1024 2606 1079 2636 ex
1101 2590 1309 2653 conspec-

513 2655 579 2702 'tis
599 2653 708 2701 artis
727 2653 955 2726 operibus,
987 2670 1043 2700 ex
1059 2670 1306 2717 eorumque

514 2729 816 2783 argumentis,
885 2718 1094 2780 colligit3
1150 2718 1303 2781 paullo

514 2784 667 2840 aliter,
711 2799 847 2846 quam
890 2781 1161 2846 Aristippu33
1204 2782 1303 2845 qui,

515 2847 761 2911 naufragio
814 2845 871 2893 ad
927 2846 1165 2906 Rhodumv
1196 2862 1301 2894 cum

516 2915 743 2969 enatasset,
775 2910 1022 2974 conspectis
1060 2911 1109 2957 in
1146 2909 1303 2958 littore

511 2977 673 3041 figuris
701 2974 1010 3040 geometriciS,
1043 2974 1165 3022 bono
1203 2975 1301 3023 ani-

514 3059 595 3090 mo
629 3041 712 3089 effe
745 3040 866 3104 juffit
903 3039 1111 3095 comites,
1150 3038 1300 3087 homi·

511 3123 626 3154 num
658 3105 783 3152 enim
815 3104 859 3152 se
893 3103 1081 3168 vestigia
1113 3103 1295 3153 videre:

514 3169 707 3219 Vitruv.
754 3168 845 3224 VI,
877 3167 1005 3232 praef.
1072 3167 1301 3216 Imitatio-

513 3251 616 3283 nem
639 3232 733 3282 loci
756 3233 890 3282 habes
911 3231 962 3279 in
983 3232 1091 3281 Val.
1129 3231 1297 3283 Flacco

509 3299 596 3349 lib.
619 3298 662 3353 I,
696 3314 807 3364 723.
833 3312 944 3363 724.

576 3364 641 3427 46
645 3363 800 3425 3—-46
804 3381 847 3427 5.
883 3364 993 3410 Haec
1015 3365 1153 3425 fama
1171 3363 1296 3427 quod

511 3428 821 3490 Trojanorum
847 3426 1123 3474 calamitates
1153 3426 1203 3474 in
1225 3426 1298 3474 his

509 3491 617 3555 ipfis
639 3489 767 3538 terris
781 3490 1094 3546 innotuerunt,
1116 3491 1204 3539 hoc
1217 3507 1299 3539 no-

503 3555 582 3606 bis
597 3555 758 3605 horum
765 3554 1186 3625 hominum-animos
1195 3555 1295 3607 red-

1087 1871 1180 1920 464.
1214 1867 1290 1911 Hie}
1307 1875 1359 1911 ait
1375 1874 1404 1911 F
1406 1885 1512 1913 rane.

1385 2010 1463 2059 det
1486 2012 1723 2076 propitios.
1759 2014 1866 2069 Sed,
1883 2031 1987 2063 cum
2001 2017 2170 2082 major&

1386 2075 1710 2125 benevolentiae
1732 2077 2076 2143 fignificatione,
2109 2080 2170 2128 ad

1387 2141 1612 2189 Achatem
1634 2142 1831 2190 amicum
1856 2144 2036 2193 retulit:
2072 2146 2167 2195 tibi.

1388 2203 1508 2253 Mox
1531 2207 1588 2252 de
1602 2211 1776 2270 pidum
1797 2224 1841 2255 v.
1879 2207 2067 2257 Excurs.
2108 2210 2168 2258 ad

1389 2286 1450 2335 45
1459 2288 1500 2334 5.
1534 2277 1687 2334 pascit,
1740 2275 1921 2326 βεκολεΐ.
2002 2282 2169 2323 inanem

1383 2335 1576 2398 appellat
1644 2335 1845 2399 epitheto
1913 2354 2074 2387 ornans
2139 2356 2167 2387 a

1383 2411 1543 2446 natura
1589 2399 1717 2455 artis,
1769 2417 1862 2449 non
1915 2401 2031 2467 ipsas
2081 2419 2169 2461 res,

1385 2463 1462 2510 sed
1483 2480 1631 2511 rerum
1654 2464 1874 2530 imagines
1895 2484 2169 2532 quocunque

1386 2528 1526 2575 modo
1580 2531 1952 2593 repraesentantiS,
2002 2531 2165 2596 petito,

1387 2591 1618 2640 Caeterum
1654 2595 1702 2642 in
1727 2595 1852 2659 seqq.
1889 2597 2074 2644 observa
2096 2613 2167 2644 ar-

1386 2655 1579 2704 tificium
1607 2664 1756 2721 poetae
1788 2662 1838 2707 in
1860 2659 2165 2725 descriptione

1383 2736 1530 2768 rerum
1553 2733 1597 2768 et
1628 2722 1673 2769 h.
1715 2724 1747 2770 l.
1785 2723 1970 2789 quidem
1993 2725 2167 2774 tabula-

1383 2801 1501 2842 rum,
1525 2788 1705 2850 quando
1725 2805 1770 2836 v.
1789 2805 1889 2853 474
1909 2791 2167 2855 tempestive

1383 2849 1537 2898 tranfit
1581 2852 1639 2898 ad
1674 2869 1773 2900 eam
1809 2853 2029 2901 orationis
2070 2855 2165 2902 for-

1385 2930 1525 2971 mam,
1559 2931 1648 2978 qua
1669 2933 1735 2964 res
1753 2917 1873 2981 quasi
1889 2930 1991 2965 ante
2008 2920 2166 2967 oculos

1381 2979 1479 3087 &eri
1517 2980 1750 3037 videntur,
1782 2998 1876 3029 non
1914 2982 2046 3046 pissae
2080 2985 2167 3031 ad.

1399 3042 1512 3105 pici.
1576 3044 1695 3092 Mox
1728 3045 1927 3112 largoque
1957 3047 2166 3097 bumeblat

1363 3109 1544 3165 flumine
1572 3108 1742 3158 vultum
1762 3112 1818 3158 ad
1841 3111 1980 3160 nostri
2000 3111 2166 3160 sermo-

1379 3169 1454 3218 nis
1476 3188 1646 3220 morem
1667 3191 1758 3222 non
1780 3175 2127 3240 est‘exigendum
2145 3193 2161 3224 e

1378 3251 1472 3283 non
1492 3237 1652 3301 magis,
1684 3255 1819 3302 quam
1839 3239 2162 3298 Homericum,

1378 3299 1615 3365 δακςυχέων
1645 3305 1720 3356 ὥςε
1759 3305 1871 3367 κρῆνη
1900 3305 2162 3369 μελάνυδροςῖ

1377 3376 1424 3412 et
1465 3366 1673 3416 humetzat
1713 3369 1773 3416 est
1816 3369 2034 3434 exquisite
2078 3385 2164 3436 pro

1375 3428 1571 3493 irrigat;
1604 3447 1748 3496 neque
1797 3433 1912 3482 adeo
1953 3434 2164 3484 humedat

1369 3491 1583 3558 'jejunum
1617 3496 1866 3562 putandum
1958 3499 2011 3555 st,
2042 3499 2166 3566 largo

1361 3561 1560 3621 flumine.
1650 3560 1780 3612 Tum
1811 3582 1881 3615 mu
1898 3577 1948 3637 (a
1975 3569 2160 3646 gemmis3

2019 3639 2164 3681 πολλα
