<?xml version="1.0" encoding="UTF-8"?>
<!DOCTYPE html PUBLIC "-//W3C//DTD XHTML 1.0 Transitional//EN"
    "http://www.w3.org/TR/xhtml1/DTD/xhtml1-transitional.dtd">
<html xmlns="http://www.w3.org/1999/xhtml" xml:lang="en" lang="en">
 <head>
  <title>
</title>
<meta http-equiv="Content-Type" content="text/html;charset=utf-8" />
  <meta name='ocr-system' content='tesseract 3.04.00' />
  <meta name='ocr-capabilities' content='ocr_page ocr_carea ocr_par ocr_line ocrx_word'/>
</head>
<body>
  <div class='ocr_page' id='page_1' title='image "./operavarietatele02virguoft_0135.png"; bbox 0 0 2372 4030; ppageno 0'>
   <div class='ocr_carea' id='block_1_1' title="bbox 0 0 15 424">
    <p class='ocr_par' dir='ltr' id='par_1_1' title="bbox 0 0 15 424">
     <span class='ocr_line' id='line_1_1' title="bbox 0 0 15 424; baseline 0 3606"><span class='ocrx_word' id='word_1_1' title='bbox 0 0 15 424; x_wconf 95' lang='lat' dir='ltr'><strong> </strong></span> 
     </span>
    </p>
   </div>
   <div class='ocr_carea' id='block_1_2' title="bbox 115 1288 361 1347">
    <p class='ocr_par' dir='ltr' id='par_1_2' title="bbox 115 1288 361 1347">
     <span class='ocr_line' id='line_1_2' title="bbox 115 1288 361 1347; baseline 0.004 -6"><span class='ocrx_word' id='word_1_2' title='bbox 115 1288 121 1295; x_wconf 71' lang='grc'><strong>’</strong></span> <span class='ocrx_word' id='word_1_3' title='bbox 170 1324 172 1326; x_wconf 97' lang='grc'>-</span> <span class='ocrx_word' id='word_1_4' title='bbox 226 1300 361 1347; x_wconf 72' lang='lat' dir='ltr'><strong>Varie,</strong></span> 
     </span>
    </p>
   </div>
   <div class='ocr_carea' id='block_1_3' title="bbox 641 291 1871 423">
    <p class='ocr_par' dir='ltr' id='par_1_3' title="bbox 641 291 1871 423">
     <span class='ocr_line' id='line_1_3' title="bbox 641 291 1871 423; baseline 0.015 -39"><span class='ocrx_word' id='word_1_5' title='bbox 641 291 1170 404; x_wconf 66' lang='lat' dir='ltr'>AE&#39;N&#39;EIDOS,</span> <span class='ocrx_word' id='word_1_6' title='bbox 1213 329 1415 394; x_wconf 87' lang='lat' dir='ltr'><strong>LIB..</strong></span> <span class='ocrx_word' id='word_1_7' title='bbox 1454 334 1507 396; x_wconf 90' lang='lat'><strong>1.</strong></span> <span class='ocrx_word' id='word_1_8' title='bbox 1789 360 1871 423; x_wconf 83' lang='lat'><strong>39</strong></span> 
     </span>
    </p>
   </div>
   <div class='ocr_carea' id='block_1_4' title="bbox 231 478 1698 574">
    <p class='ocr_par' dir='ltr' id='par_1_4' title="bbox 231 478 1698 574">
     <span class='ocr_line' id='line_1_4' title="bbox 231 478 1698 574; baseline 0.01 -23"><span class='ocrx_word' id='word_1_9' title='bbox 231 479 368 551; x_wconf 68' lang='lat' dir='ltr'><strong>Sive</strong></span> <span class='ocrx_word' id='word_1_10' title='bbox 396 486 664 562; x_wconf 66' lang='lat' dir='ltr'><strong>eictrema·</strong></span> <span class='ocrx_word' id='word_1_11' title='bbox 687 492 831 571; x_wconf 89' lang='lat' dir='ltr'><strong>pati,</strong></span> <span class='ocrx_word' id='word_1_12' title='bbox 860 513 968 552; x_wconf 90' lang='lat' dir='ltr'><strong>nec</strong></span> <span class='ocrx_word' id='word_1_13' title='bbox 986 493 1117 574; x_wconf 84' lang='lat' dir='ltr'><strong>jam</strong></span> <span class='ocrx_word' id='word_1_14' title='bbox 1142 478 1415 557; x_wconf 83' lang='lat' dir='ltr'><strong>exaudire</strong></span> <span class='ocrx_word' id='word_1_15' title='bbox 1442 517 1698 565; x_wconf 80' lang='lat' dir='ltr'><strong>vocatos·</strong></span> 
     </span>
    </p>
   </div>
   <div class='ocr_carea' id='block_1_5' title="bbox 233 600 1863 688">
    <p class='ocr_par' dir='ltr' id='par_1_5' title="bbox 233 600 1863 688">
     <span class='ocr_line' id='line_1_5' title="bbox 233 600 1863 688; baseline 0.01 -23"><span class='ocrx_word' id='word_1_16' title='bbox 233 600 541 684; x_wconf 68' lang='lat' dir='ltr'><strong>Prae&#39;cipue</strong></span> <span class='ocrx_word' id='word_1_17' title='bbox 570 605 703 684; x_wconf 90' lang='lat' dir='ltr'><strong>pius</strong></span> <span class='ocrx_word' id='word_1_18' title='bbox 734 605 969 678; x_wconf 79' lang='lat' dir='ltr'><strong>AEneaS,</strong></span> <span class='ocrx_word' id='word_1_19' title='bbox 998 627 1152 667; x_wconf 88' lang='lat' dir='ltr'><strong>nunc</strong></span> <span class='ocrx_word' id='word_1_20' title='bbox 1183 611 1331 670; x_wconf 88' lang='lat' dir='ltr'><strong>acris</strong></span> <span class='ocrx_word' id='word_1_21' title='bbox 1361 612 1596 688; x_wconf 85' lang='lat' dir='ltr'><strong>Oronti,</strong></span> <span class='ocrx_word' id='word_1_22' title='bbox 1744 627 1863 681; x_wconf 87' lang='lat'>220&#39;</span> 
     </span>
    </p>
   </div>
   <div class='ocr_carea' id='block_1_6' title="bbox 227 710 1862 917">
    <p class='ocr_par' dir='ltr' id='par_1_6' title="bbox 227 710 1862 917">
     <span class='ocr_line' id='line_1_6' title="bbox 227 710 1723 799; baseline 0.007 -21"><span class='ocrx_word' id='word_1_23' title='bbox 227 710 658 797; x_wconf 78' lang='lat' dir='ltr'><strong>NuncArnyci</strong></span> <span class='ocrx_word' id='word_1_24' title='bbox 689 722 892 780; x_wconf 89' lang='lat' dir='ltr'><strong>casum</strong></span> <span class='ocrx_word' id='word_1_25' title='bbox 918 723 1126 799; x_wconf 51' lang='lat' dir='ltr'><strong>gemin</strong></span> <span class='ocrx_word' id='word_1_26' title='bbox 1154 738 1211 781; x_wconf 92' lang='lat' dir='ltr'><strong>et</strong></span> <span class='ocrx_word' id='word_1_27' title='bbox 1241 723 1500 783; x_wconf 86' lang='lat' dir='ltr'><strong>crudelia</strong></span> <span class='ocrx_word' id='word_1_28' title='bbox 1527 726 1723 791; x_wconf 90' lang='lat' dir='ltr'><strong>secum</strong></span> 
     </span>
     <span class='ocr_line' id='line_1_7' title="bbox 229 826 1862 917; baseline 0.01 -31"><span class='ocrx_word' id='word_1_29' title='bbox 229 826 373 887; x_wconf 88' lang='lat' dir='ltr'><strong>Fata</strong></span> <span class='ocrx_word' id='word_1_30' title='bbox 394 827 560 917; x_wconf 56' lang='lat' dir='ltr'><strong>Lyci,</strong></span> <span class='ocrx_word' id='word_1_31' title='bbox 581 826 912 908; x_wconf 90' lang='lat' dir='ltr'><strong>fortemque</strong></span> <span class='ocrx_word' id='word_1_32' title='bbox 927 829 1116 909; x_wconf 63' lang='lat' dir='ltr'><strong>Gyan,</strong></span> <span class='ocrx_word' id='word_1_33' title='bbox 1136 830 1466 914; x_wconf 84' lang='lat' dir='ltr'><strong>fortemque</strong></span> <span class='ocrx_word' id='word_1_34' title='bbox 1481 835 1862 903; x_wconf 84' lang='lat' dir='ltr'><strong>Cloanthum.</strong></span> 
     </span>
    </p>
   </div>
   <div class='ocr_carea' id='block_1_7' title="bbox 309 925 1866 1025">
    <p class='ocr_par' dir='ltr' id='par_1_7' title="bbox 309 925 1866 1025">
     <span class='ocr_line' id='line_1_8' title="bbox 309 925 1866 1025; baseline 0.01 -23"><span class='ocrx_word' id='word_1_35' title='bbox 309 925 688 1023; x_wconf 62' lang='lat' dir='ltr'><strong>Etjam&#39;finis</strong></span> <span class='ocrx_word' id='word_1_36' title='bbox 710 956 834 1000; x_wconf 89' lang='lat' dir='ltr'><strong>erat·</strong></span> <span class='ocrx_word' id='word_1_37' title='bbox 855 967 868 1002; x_wconf 76' lang='grc' dir='ltr'><strong>ε</strong></span> <span class='ocrx_word' id='word_1_38' title='bbox 889 963 1076 1022; x_wconf 91' lang='lat' dir='ltr'><strong>quum</strong></span> <span class='ocrx_word' id='word_1_39' title='bbox 1095 945 1372 1025; x_wconf 86' lang='lat' dir='ltr'><strong>Juppiter</strong></span> <span class='ocrx_word' id='word_1_40' title='bbox 1390 947 1609 1010; x_wconf 88' lang='lat' dir='ltr'><strong>aethere</strong></span> <span class='ocrx_word' id='word_1_41' title='bbox 1630 952 1866 1018; x_wconf 89' lang='lat' dir='ltr'><strong>summo</strong></span> 
     </span>
    </p>
   </div>
   <div class='ocr_carea' id='block_1_8' title="bbox 174 1111 1867 2321">
    <p class='ocr_par' dir='ltr' id='par_1_8' title="bbox 174 1111 1867 2321">
     <span class='ocr_line' id='line_1_9' title="bbox 174 1111 1864 1169; baseline 0.004 -18"><span class='ocrx_word' id='word_1_42' title='bbox 174 1158 176 1160; x_wconf 23' lang='lat'>¹</span> <span class='ocrx_word' id='word_1_43' title='bbox 283 1121 376 1164; x_wconf 84' lang='lat'><strong>219.</strong></span> <span class='ocrx_word' id='word_1_44' title='bbox 394 1113 460 1163; x_wconf 74' lang='lat' dir='ltr'><strong>stu</strong></span> <span class='ocrx_word' id='word_1_45' title='bbox 484 1120 637 1150; x_wconf 77' lang='lat' dir='ltr'><strong>extrema</strong></span> <span class='ocrx_word' id='word_1_46' title='bbox 670 1111 750 1150; x_wconf 87' lang='lat' dir='ltr'><strong>duo</strong></span> <span class='ocrx_word' id='word_1_47' title='bbox 784 1124 850 1163; x_wconf 80' lang='lat' dir='ltr'><strong>ap.</strong></span> <span class='ocrx_word' id='word_1_48' title='bbox 886 1111 1024 1151; x_wconf 89' lang='lat' dir='ltr'><strong>Burm.</strong></span> <span class='ocrx_word' id='word_1_49' title='bbox 1068 1115 1134 1164; x_wconf 75' lang='lat' dir='ltr'><strong>stu</strong></span> <span class='ocrx_word' id='word_1_50' title='bbox 1156 1117 1241 1167; x_wconf 80' lang='lat' dir='ltr'><strong>jam</strong></span> <span class='ocrx_word' id='word_1_51' title='bbox 1276 1130 1308 1153; x_wconf 87' lang='lat' dir='ltr'><strong>e.</strong></span> <span class='ocrx_word' id='word_1_52' title='bbox 1345 1117 1692 1169; x_wconf 81' lang='lat' dir='ltr'><strong>Puget.—·-—-220.</strong></span> <span class='ocrx_word' id='word_1_53' title='bbox 1726 1121 1864 1161; x_wconf 66' lang='lat' dir='ltr'><strong>omnies</strong></span> 
     </span>
     <span class='ocr_line' id='line_1_10' title="bbox 224 1175 1867 1241; baseline 0.005 -26"><span class='ocrx_word' id='word_1_54' title='bbox 224 1175 359 1229; x_wconf 72' lang='lat' dir='ltr'><strong>plures</strong></span> <span class='ocrx_word' id='word_1_55' title='bbox 391 1177 520 1217; x_wconf 83' lang='lat' dir='ltr'><strong>codd.</strong></span> <span class='ocrx_word' id='word_1_56' title='bbox 561 1185 602 1215; x_wconf 89' lang='lat' dir='ltr'><strong>et</strong></span> <span class='ocrx_word' id='word_1_57' title='bbox 659 1175 749 1214; x_wconf 86' lang='lat' dir='ltr'><strong>edd.</strong></span> <span class='ocrx_word' id='word_1_58' title='bbox 789 1176 912 1214; x_wconf 87' lang='lat' dir='ltr'><strong>etiam</strong></span> <span class='ocrx_word' id='word_1_59' title='bbox 942 1189 1004 1228; x_wconf 88' lang='lat' dir='ltr'><strong>ap.</strong></span> <span class='ocrx_word' id='word_1_60' title='bbox 1047 1177 1154 1216; x_wconf 89' lang='lat' dir='ltr'><strong>Pier.</strong></span> <span class='ocrx_word' id='word_1_61' title='bbox 1192 1179 1348 1219; x_wconf 79' lang='lat' dir='ltr'><strong>Scilicet</strong></span> <span class='ocrx_word' id='word_1_62' title='bbox 1385 1181 1440 1220; x_wconf 89' lang='lat' dir='ltr'><strong>est</strong></span> <span class='ocrx_word' id='word_1_63' title='bbox 1478 1185 1663 1234; x_wconf 86' lang='lat' dir='ltr'><strong>Orontes,</strong></span> <span class='ocrx_word' id='word_1_64' title='bbox 1697 1188 1867 1241; x_wconf 64' lang='grc' dir='ltr'><strong>Ὀρόντης,</strong></span> 
     </span>
     <span class='ocr_line' id='line_1_11' title="bbox 226 1238 1862 1304; baseline 0.007 -25"><span class='ocrx_word' id='word_1_65' title='bbox 226 1241 441 1288; x_wconf 65' lang='lat' dir='ltr'><strong>Orontem,</strong></span> <span class='ocrx_word' id='word_1_66' title='bbox 467 1238 638 1279; x_wconf 89' lang='lat' dir='ltr'><strong>Orontei</strong></span> <span class='ocrx_word' id='word_1_67' title='bbox 666 1247 706 1277; x_wconf 86' lang='lat' dir='ltr'><strong>et</strong></span> <span class='ocrx_word' id='word_1_68' title='bbox 744 1239 903 1277; x_wconf 82' lang='lat' dir='ltr'><strong>Oronti.</strong></span> <span class='ocrx_word' id='word_1_69' title='bbox 945 1253 985 1278; x_wconf 90' lang='lat' dir='ltr'><strong>v.</strong></span> <span class='ocrx_word' id='word_1_70' title='bbox 1018 1240 1102 1292; x_wconf 89' lang='lat' dir='ltr'><strong>sup.</strong></span> <span class='ocrx_word' id='word_1_71' title='bbox 1137 1241 1188 1281; x_wconf 86' lang='lat' dir='ltr'><strong>ad</strong></span> <span class='ocrx_word' id='word_1_72' title='bbox 1215 1255 1253 1281; x_wconf 86' lang='lat' dir='ltr'><strong>v.</strong></span> <span class='ocrx_word' id='word_1_73' title='bbox 1287 1255 1352 1293; x_wconf 84' lang='lat'><strong>30.</strong></span> <span class='ocrx_word' id='word_1_74' title='bbox 1411 1246 1531 1284; x_wconf 82' lang='lat' dir='ltr'><strong>Oronti</strong></span> <span class='ocrx_word' id='word_1_75' title='bbox 1566 1249 1686 1288; x_wconf 86' lang='lat' dir='ltr'><strong>etiam</strong></span> <span class='ocrx_word' id='word_1_76' title='bbox 1712 1249 1862 1304; x_wconf 86' lang='lat' dir='ltr'>fragm.</span> 
     </span>
     <span class='ocr_line' id='line_1_12' title="bbox 233 1302 1867 1366; baseline 0.007 -24"><span class='ocrx_word' id='word_1_77' title='bbox 233 1360 235 1364; x_wconf 25' lang='grc' dir='ltr'>ι</span> <span class='ocrx_word' id='word_1_78' title='bbox 477 1313 569 1343; x_wconf 78' lang='lat'><strong>221.</strong></span> <span class='ocrx_word' id='word_1_79' title='bbox 593 1304 712 1341; x_wconf 80' lang='lat' dir='ltr'><em>Amici</em></span> <span class='ocrx_word' id='word_1_80' title='bbox 728 1302 808 1342; x_wconf 77' lang='lat' dir='ltr'><strong>alii.</strong></span> <span class='ocrx_word' id='word_1_81' title='bbox 870 1302 968 1340; x_wconf 81' lang='lat' dir='ltr'><strong>‘Tunc</strong></span> <span class='ocrx_word' id='word_1_82' title='bbox 990 1302 1114 1342; x_wconf 72' lang='lat' dir='ltr'><strong>sbzthei</strong></span> <span class='ocrx_word' id='word_1_83' title='bbox 1133 1305 1284 1345; x_wconf 85' lang='lat' dir='ltr'><strong>Hamb.</strong></span> <span class='ocrx_word' id='word_1_84' title='bbox 1306 1319 1369 1358; x_wconf 87' lang='lat' dir='ltr'><strong>pr.</strong></span> <span class='ocrx_word' id='word_1_85' title='bbox 1425 1311 1516 1359; x_wconf 81' lang='lat' dir='ltr'><strong>casus</strong></span> <span class='ocrx_word' id='word_1_86' title='bbox 1537 1312 1652 1352; x_wconf 86' lang='lat' dir='ltr'><strong>Leid.</strong></span> <span class='ocrx_word' id='word_1_87' title='bbox 1674 1321 1713 1352; x_wconf 85' lang='lat' dir='ltr'><strong>et</strong></span> <span class='ocrx_word' id='word_1_88' title='bbox 1734 1316 1867 1366; x_wconf 83' lang='lat' dir='ltr'><strong>Sprot.</strong></span> 
     </span>
     <span class='ocr_line' id='line_1_13' title="bbox 224 1366 1866 1428; baseline 0.006 -21"><span class='ocrx_word' id='word_1_89' title='bbox 224 1366 328 1407; x_wconf 85' lang='lat' dir='ltr'><strong>Illud</strong></span> <span class='ocrx_word' id='word_1_90' title='bbox 340 1367 462 1424; x_wconf 63' lang='lat' dir='ltr'><strong>ficum</strong></span> <span class='ocrx_word' id='word_1_91' title='bbox 494 1381 574 1406; x_wconf 91' lang='lat' dir='ltr'><strong>non</strong></span> <span class='ocrx_word' id='word_1_92' title='bbox 602 1366 719 1406; x_wconf 90' lang='lat' dir='ltr'><strong>debet</strong></span> <span class='ocrx_word' id='word_1_93' title='bbox 758 1366 973 1406; x_wconf 77' lang='lat' dir='ltr'><strong>offendere.</strong></span> <span class='ocrx_word' id='word_1_94' title='bbox 1040 1380 1135 1408; x_wconf 83' lang='lat' dir='ltr'><strong>nam</strong></span> <span class='ocrx_word' id='word_1_95' title='bbox 1165 1373 1271 1422; x_wconf 79' lang='lat' dir='ltr'><strong>gemit</strong></span> <span class='ocrx_word' id='word_1_96' title='bbox 1295 1371 1410 1421; x_wconf 72' lang='lat' dir='ltr'><strong>ficum</strong></span> <span class='ocrx_word' id='word_1_97' title='bbox 1439 1377 1491 1410; x_wconf 89' lang='lat' dir='ltr'><strong>A.</strong></span> <span class='ocrx_word' id='word_1_98' title='bbox 1531 1387 1564 1411; x_wconf 92' lang='lat' dir='ltr'><strong>c.</strong></span> <span class='ocrx_word' id='word_1_99' title='bbox 1601 1378 1730 1428; x_wconf 76' lang='lat' dir='ltr'><strong>Lycus.</strong></span> <span class='ocrx_word' id='word_1_100' title='bbox 1757 1378 1866 1420; x_wconf 82' lang='lat' dir='ltr'><strong>idem.</strong></span> 
     </span>
     <span class='ocr_line' id='line_1_14' title="bbox 225 1428 1867 1486; baseline 0.007 -16"><span class='ocrx_word' id='word_1_101' title='bbox 225 1436 475 1471; x_wconf 84' lang='lat' dir='ltr'><strong>memoratur</strong></span> <span class='ocrx_word' id='word_1_102' title='bbox 508 1432 577 1470; x_wconf 86' lang='lat' dir='ltr'><strong>lib.</strong></span> <span class='ocrx_word' id='word_1_103' title='bbox 598 1431 674 1478; x_wconf 88' lang='lat' dir='ltr'><strong>IX,</strong></span> <span class='ocrx_word' id='word_1_104' title='bbox 705 1430 798 1480; x_wconf 81' lang='lat'><strong>556.</strong></span> <span class='ocrx_word' id='word_1_105' title='bbox 911 1443 1003 1472; x_wconf 82' lang='lat'><strong>222.</strong></span> <span class='ocrx_word' id='word_1_106' title='bbox 1034 1428 1139 1472; x_wconf 71' lang='lat' dir='ltr'><strong>Gicim</strong></span> <span class='ocrx_word' id='word_1_107' title='bbox 1177 1433 1308 1481; x_wconf 88' lang='lat' dir='ltr'><strong>multi,</strong></span> <span class='ocrx_word' id='word_1_108' title='bbox 1335 1434 1456 1474; x_wconf 85' lang='lat' dir='ltr'><strong>etiam</strong></span> <span class='ocrx_word' id='word_1_109' title='bbox 1485 1436 1621 1486; x_wconf 86' lang='lat' dir='ltr'><strong>nostri,</strong></span> <span class='ocrx_word' id='word_1_110' title='bbox 1656 1439 1720 1478; x_wconf 85' lang='lat' dir='ltr'><strong>vel</strong></span> <span class='ocrx_word' id='word_1_111' title='bbox 1757 1443 1867 1481; x_wconf 86' lang='lat' dir='ltr'><strong>Gian.</strong></span> 
     </span>
     <span class='ocr_line' id='line_1_15' title="bbox 227 1495 1864 1555; baseline 0 -19"><span class='ocrx_word' id='word_1_112' title='bbox 227 1498 406 1536; x_wconf 78' lang='lat' dir='ltr'><strong>Cloantum</strong></span> <span class='ocrx_word' id='word_1_113' title='bbox 464 1495 747 1555; x_wconf 83' lang='lat' dir='ltr'><strong>castigatiores,</strong></span> <span class='ocrx_word' id='word_1_114' title='bbox 810 1505 978 1535; x_wconf 87' lang='lat' dir='ltr'><strong>notante</strong></span> <span class='ocrx_word' id='word_1_115' title='bbox 1037 1497 1211 1545; x_wconf 68' lang='lat' dir='ltr'><strong>Heinsio,</strong></span> <span class='ocrx_word' id='word_1_116' title='bbox 1256 1508 1301 1537; x_wconf 85' lang='lat' dir='ltr'><strong>ut</strong></span> <span class='ocrx_word' id='word_1_117' title='bbox 1360 1499 1483 1538; x_wconf 83' lang='lat' dir='ltr'><strong>Goth.</strong></span> <span class='ocrx_word' id='word_1_118' title='bbox 1552 1514 1611 1553; x_wconf 89' lang='lat' dir='ltr'><strong>pr.</strong></span> <span class='ocrx_word' id='word_1_119' title='bbox 1678 1504 1864 1544; x_wconf 77' lang='lat' dir='ltr'><strong>Choantum</strong></span> 
     </span>
     <span class='ocr_line' id='line_1_16' title="bbox 223 1559 1866 1615; baseline 0.002 -15"><span class='ocrx_word' id='word_1_120' title='bbox 223 1561 344 1601; x_wconf 86' lang='lat' dir='ltr'><strong>Leid.</strong></span> <span class='ocrx_word' id='word_1_121' title='bbox 403 1561 583 1599; x_wconf 86' lang='lat' dir='ltr'>Nomina</span> <span class='ocrx_word' id='word_1_122' title='bbox 632 1559 857 1612; x_wconf 80' lang='lat' dir='ltr'><strong>promiscue</strong></span> <span class='ocrx_word' id='word_1_123' title='bbox 904 1559 1048 1612; x_wconf 83' lang='lat' dir='ltr'>posuit,</span> <span class='ocrx_word' id='word_1_124' title='bbox 1094 1570 1137 1599; x_wconf 94' lang='lat' dir='ltr'><strong>ut</strong></span> <span class='ocrx_word' id='word_1_125' title='bbox 1175 1563 1305 1613; x_wconf 59' lang='lat' dir='ltr'><strong>poeta.</strong></span> <span class='ocrx_word' id='word_1_126' title='bbox 1387 1564 1579 1614; x_wconf 78' lang='lat' dir='ltr'><strong>AmycuS,</strong></span> <span class='ocrx_word' id='word_1_127' title='bbox 1607 1564 1774 1615; x_wconf 58' lang='grc' dir='ltr'><strong>Ἄμυκος,</strong></span> <span class='ocrx_word' id='word_1_128' title='bbox 1813 1568 1866 1609; x_wconf 87' lang='lat' dir='ltr'><strong>ad</strong></span> 
     </span>
     <span class='ocr_line' id='line_1_17' title="bbox 223 1624 1861 1681; baseline 0.001 -16"><span class='ocrx_word' id='word_1_129' title='bbox 223 1624 452 1678; x_wconf 84' lang='lat' dir='ltr'><strong>exemplum</strong></span> <span class='ocrx_word' id='word_1_130' title='bbox 490 1625 595 1677; x_wconf 86' lang='lat' dir='ltr'><strong>regis</strong></span> <span class='ocrx_word' id='word_1_131' title='bbox 624 1624 862 1676; x_wconf 84' lang='lat' dir='ltr'><strong>Bebrycum,</strong></span> <span class='ocrx_word' id='word_1_132' title='bbox 895 1624 943 1662; x_wconf 91' lang='lat' dir='ltr'><strong>de</strong></span> <span class='ocrx_word' id='word_1_133' title='bbox 982 1638 1061 1676; x_wconf 92' lang='lat' dir='ltr'><strong>quo</strong></span> <span class='ocrx_word' id='word_1_134' title='bbox 1097 1625 1288 1676; x_wconf 89' lang='lat' dir='ltr'><strong>Apollon.</strong></span> <span class='ocrx_word' id='word_1_135' title='bbox 1329 1627 1363 1662; x_wconf 85' lang='grc' dir='ltr'>Π</span> <span class='ocrx_word' id='word_1_136' title='bbox 1400 1640 1460 1678; x_wconf 91' lang='lat' dir='ltr'><strong>pr.</strong></span> <span class='ocrx_word' id='word_1_137' title='bbox 1498 1636 1537 1666; x_wconf 85' lang='lat' dir='ltr'><strong>et</strong></span> <span class='ocrx_word' id='word_1_138' title='bbox 1574 1628 1645 1666; x_wconf 85' lang='lat' dir='ltr'><strong>inf.</strong></span> <span class='ocrx_word' id='word_1_139' title='bbox 1679 1632 1731 1677; x_wconf 92' lang='lat' dir='ltr'><strong>V,</strong></span> <span class='ocrx_word' id='word_1_140' title='bbox 1765 1642 1861 1681; x_wconf 79' lang='lat'>373,</span> 
     </span>
     <span class='ocr_line' id='line_1_18' title="bbox 221 1686 1863 1742; baseline 0.002 -13"><span class='ocrx_word' id='word_1_141' title='bbox 221 1689 399 1730; x_wconf 86' lang='lat' dir='ltr'><strong>diversus</strong></span> <span class='ocrx_word' id='word_1_142' title='bbox 429 1689 483 1728; x_wconf 87' lang='lat' dir='ltr'><strong>est</strong></span> <span class='ocrx_word' id='word_1_143' title='bbox 518 1689 565 1727; x_wconf 88' lang='lat' dir='ltr'><strong>ab</strong></span> <span class='ocrx_word' id='word_1_144' title='bbox 604 1688 682 1726; x_wconf 88' lang='lat' dir='ltr'><strong>illis</strong></span> <span class='ocrx_word' id='word_1_145' title='bbox 708 1686 775 1740; x_wconf 86' lang='lat' dir='ltr'><strong>qui</strong></span> <span class='ocrx_word' id='word_1_146' title='bbox 810 1687 881 1726; x_wconf 81' lang='lat' dir='ltr'><strong>inf.</strong></span> <span class='ocrx_word' id='word_1_147' title='bbox 902 1689 960 1735; x_wconf 86' lang='lat' dir='ltr'><strong>X,</strong></span> <span class='ocrx_word' id='word_1_148' title='bbox 997 1699 1087 1736; x_wconf 82' lang='lat'><strong>704.</strong></span> <span class='ocrx_word' id='word_1_149' title='bbox 1111 1690 1186 1736; x_wconf 89' lang='lat' dir='ltr'><strong>IX,</strong></span> <span class='ocrx_word' id='word_1_150' title='bbox 1219 1699 1309 1737; x_wconf 85' lang='lat'><strong>772.</strong></span> <span class='ocrx_word' id='word_1_151' title='bbox 1339 1688 1433 1737; x_wconf 85' lang='lat' dir='ltr'>XII,</span> <span class='ocrx_word' id='word_1_152' title='bbox 1462 1702 1556 1742; x_wconf 81' lang='lat'><strong>509.</strong></span> <span class='ocrx_word' id='word_1_153' title='bbox 1623 1693 1762 1731; x_wconf 86' lang='lat' dir='ltr'><strong>eodem</strong></span> <span class='ocrx_word' id='word_1_154' title='bbox 1789 1708 1863 1733; x_wconf 88' lang='lat' dir='ltr'><strong>no-</strong></span> 
     </span>
     <span class='ocr_line' id='line_1_19' title="bbox 223 1753 1862 1808; baseline 0.002 -15"><span class='ocrx_word' id='word_1_155' title='bbox 223 1755 333 1794; x_wconf 83' lang='lat' dir='ltr'><strong>r&#39;nine</strong></span> <span class='ocrx_word' id='word_1_156' title='bbox 354 1763 579 1793; x_wconf 86' lang='lat' dir='ltr'><strong>occurrunt.</strong></span> <span class='ocrx_word' id='word_1_157' title='bbox 638 1756 751 1805; x_wconf 71' lang='lat' dir='ltr'><em>Lycus</em></span> <span class='ocrx_word' id='word_1_158' title='bbox 772 1753 877 1792; x_wconf 86' lang='lat' dir='ltr'><strong>inter</strong></span> <span class='ocrx_word' id='word_1_159' title='bbox 890 1753 1088 1805; x_wconf 77' lang='lat' dir='ltr'><strong>Trojanos</strong></span> <span class='ocrx_word' id='word_1_160' title='bbox 1105 1753 1252 1792; x_wconf 85' lang='lat' dir='ltr'><strong>iterum</strong></span> <span class='ocrx_word' id='word_1_161' title='bbox 1272 1755 1346 1801; x_wconf 88' lang='lat' dir='ltr'><strong>IX,</strong></span> <span class='ocrx_word' id='word_1_162' title='bbox 1372 1767 1449 1804; x_wconf 77' lang='lat'><strong>545</strong></span> <span class='ocrx_word' id='word_1_163' title='bbox 1471 1755 1498 1793; x_wconf 89' lang='lat' dir='ltr'><strong>s.</strong></span> <span class='ocrx_word' id='word_1_164' title='bbox 1557 1758 1650 1808; x_wconf 77' lang='lat' dir='ltr'><strong>Gyas</strong></span> <span class='ocrx_word' id='word_1_165' title='bbox 1670 1766 1710 1795; x_wconf 87' lang='lat' dir='ltr'><strong>et</strong></span> <span class='ocrx_word' id='word_1_166' title='bbox 1737 1759 1862 1797; x_wconf 76' lang='lat' dir='ltr'><strong>Cloan-</strong></span> 
     </span>
     <span class='ocr_line' id='line_1_20' title="bbox 224 1817 1864 1873; baseline 0.002 -14"><span class='ocrx_word' id='word_1_167' title='bbox 224 1822 303 1859; x_wconf 78' lang='lat' dir='ltr'><strong>thus</strong></span> <span class='ocrx_word' id='word_1_168' title='bbox 323 1819 362 1858; x_wconf 89' lang='lat' dir='ltr'><strong>in</strong></span> <span class='ocrx_word' id='word_1_169' title='bbox 386 1819 489 1858; x_wconf 85' lang='lat' dir='ltr'><strong>ludis</strong></span> <span class='ocrx_word' id='word_1_170' title='bbox 509 1819 550 1858; x_wconf 87' lang='lat' dir='ltr'><strong>in</strong></span> <span class='ocrx_word' id='word_1_171' title='bbox 581 1819 712 1857; x_wconf 80' lang='lat' dir='ltr'>Sicilia</span> <span class='ocrx_word' id='word_1_172' title='bbox 744 1818 859 1857; x_wconf 83' lang='lat' dir='ltr'><strong>editis</strong></span> <span class='ocrx_word' id='word_1_173' title='bbox 892 1817 960 1856; x_wconf 88' lang='lat' dir='ltr'><strong>lib.</strong></span> <span class='ocrx_word' id='word_1_174' title='bbox 989 1820 1043 1865; x_wconf 86' lang='lat' dir='ltr'><strong>V,</strong></span> <span class='ocrx_word' id='word_1_175' title='bbox 1074 1817 1150 1857; x_wconf 89' lang='lat'><strong>118</strong></span> <span class='ocrx_word' id='word_1_176' title='bbox 1185 1819 1266 1871; x_wconf 86' lang='lat' dir='ltr'><strong>sqq.</strong></span> <span class='ocrx_word' id='word_1_177' title='bbox 1297 1819 1451 1858; x_wconf 79' lang='lat' dir='ltr'><strong>Diversi</strong></span> <span class='ocrx_word' id='word_1_178' title='bbox 1488 1821 1576 1859; x_wconf 87' lang='lat' dir='ltr'><strong>sunt</strong></span> <span class='ocrx_word' id='word_1_179' title='bbox 1615 1824 1722 1873; x_wconf 83' lang='lat' dir='ltr'>Gyas</span> <span class='ocrx_word' id='word_1_180' title='bbox 1758 1823 1864 1864; x_wconf 84' lang='lat' dir='ltr'><strong>inter</strong></span> 
     </span>
     <span class='ocr_line' id='line_1_21' title="bbox 220 1880 1861 1937; baseline 0.001 -13"><span class='ocrx_word' id='word_1_181' title='bbox 220 1881 406 1925; x_wconf 78' lang='lat' dir='ltr'><strong>Etruscos</strong></span> <span class='ocrx_word' id='word_1_182' title='bbox 425 1885 483 1932; x_wconf 91' lang='lat' dir='ltr'><strong>X,</strong></span> <span class='ocrx_word' id='word_1_183' title='bbox 512 1880 606 1933; x_wconf 85' lang='lat'><strong>318.</strong></span> <span class='ocrx_word' id='word_1_184' title='bbox 635 1893 675 1922; x_wconf 88' lang='lat' dir='ltr'><strong>et</strong></span> <span class='ocrx_word' id='word_1_185' title='bbox 697 1882 801 1922; x_wconf 85' lang='lat' dir='ltr'><strong>forte</strong></span> <span class='ocrx_word' id='word_1_186' title='bbox 821 1882 919 1921; x_wconf 89' lang='lat' dir='ltr'><strong>alius</strong></span> <span class='ocrx_word' id='word_1_187' title='bbox 938 1883 1032 1930; x_wconf 83' lang='lat' dir='ltr'><strong>XII,</strong></span> <span class='ocrx_word' id='word_1_188' title='bbox 1050 1881 1344 1932; x_wconf 85' lang='lat'><strong>460--—-223.</strong></span> <span class='ocrx_word' id='word_1_189' title='bbox 1374 1884 1468 1923; x_wconf 90' lang='lat' dir='ltr'><strong>Noli</strong></span> <span class='ocrx_word' id='word_1_190' title='bbox 1494 1884 1534 1922; x_wconf 92' lang='lat' dir='ltr'><strong>in</strong></span> <span class='ocrx_word' id='word_1_191' title='bbox 1566 1885 1768 1937; x_wconf 81' lang='lat' dir='ltr'><strong>vulgarius</strong></span> <span class='ocrx_word' id='word_1_192' title='bbox 1799 1887 1861 1926; x_wconf 90' lang='lat' dir='ltr'><strong>in-</strong></span> 
     </span>
     <span class='ocr_line' id='line_1_22' title="bbox 221 1947 1861 2000; baseline 0.001 -11"><span class='ocrx_word' id='word_1_193' title='bbox 221 1950 366 1997; x_wconf 84' lang='lat' dir='ltr'><strong>cidere,</strong></span> <span class='ocrx_word' id='word_1_194' title='bbox 393 1957 437 1987; x_wconf 91' lang='lat' dir='ltr'><strong>ut</strong></span> <span class='ocrx_word' id='word_1_195' title='bbox 459 1948 643 1986; x_wconf 80' lang='lat' dir='ltr'><strong>emendes</strong></span> <span class='ocrx_word' id='word_1_196' title='bbox 667 1961 677 1985; x_wconf 87' lang='lat'>:</span> <span class='ocrx_word' id='word_1_197' title='bbox 711 1949 763 1985; x_wconf 84' lang='lat' dir='ltr'><strong>Et</strong></span> <span class='ocrx_word' id='word_1_198' title='bbox 770 1950 853 1999; x_wconf 71' lang='lat' dir='ltr'><strong>jam</strong></span> <span class='ocrx_word' id='word_1_199' title='bbox 857 1947 1020 1999; x_wconf 79' lang='lat' dir='ltr'><strong>finierat.</strong></span> <span class='ocrx_word' id='word_1_200' title='bbox 1081 1948 1279 2000; x_wconf 81' lang='lat' dir='ltr'><strong>Juppiter:</strong></span> <span class='ocrx_word' id='word_1_201' title='bbox 1307 1948 1348 1985; x_wconf 91' lang='lat' dir='ltr'><strong>in</strong></span> <span class='ocrx_word' id='word_1_202' title='bbox 1367 1947 1427 1986; x_wconf 84' lang='lat' dir='ltr'><strong>his</strong></span> <span class='ocrx_word' id='word_1_203' title='bbox 1451 1962 1493 1986; x_wconf 85' lang='lat' dir='ltr'><strong>ac</strong></span> <span class='ocrx_word' id='word_1_204' title='bbox 1515 1948 1701 1987; x_wconf 81' lang='lat' dir='ltr'><strong>similibus</strong></span> <span class='ocrx_word' id='word_1_205' title='bbox 1714 1963 1861 1992; x_wconf 81' lang='lat' dir='ltr'><strong>novare</strong></span> 
     </span>
     <span class='ocr_line' id='line_1_23' title="bbox 218 2011 1860 2067; baseline 0 -13"><span class='ocrx_word' id='word_1_206' title='bbox 218 2013 371 2067; x_wconf 80' lang='lat' dir='ltr'><strong>aliquid</strong></span> <span class='ocrx_word' id='word_1_207' title='bbox 393 2012 518 2052; x_wconf 87' lang='lat' dir='ltr'><strong>nolui.</strong></span> <span class='ocrx_word' id='word_1_208' title='bbox 578 2013 617 2050; x_wconf 91' lang='lat' dir='ltr'><strong>Si</strong></span> <span class='ocrx_word' id='word_1_209' title='bbox 641 2012 721 2051; x_wconf 87' lang='lat' dir='ltr'><strong>mei</strong></span> <span class='ocrx_word' id='word_1_210' title='bbox 742 2011 896 2051; x_wconf 85' lang='lat' dir='ltr'><strong>arbitrii</strong></span> <span class='ocrx_word' id='word_1_211' title='bbox 917 2026 978 2050; x_wconf 86' lang='lat' dir='ltr'><strong>res</strong></span> <span class='ocrx_word' id='word_1_212' title='bbox 999 2011 1108 2059; x_wconf 64' lang='lat' dir='ltr'><strong>esset,</strong></span> <span class='ocrx_word' id='word_1_213' title='bbox 1134 2012 1346 2051; x_wconf 81' lang='lat' dir='ltr'><strong>scriberem</strong></span> <span class='ocrx_word' id='word_1_214' title='bbox 1369 2014 1530 2065; x_wconf 80' lang='lat' dir='ltr'><strong>Jupiter,</strong></span> <span class='ocrx_word' id='word_1_215' title='bbox 1556 2027 1602 2052; x_wconf 79' lang='lat' dir='ltr'><strong>cx</strong></span> <span class='ocrx_word' id='word_1_216' title='bbox 1633 2014 1860 2066; x_wconf 75' lang='lat' dir='ltr'><strong>antiquiore</strong></span> 
     </span>
     <span class='ocr_line' id='line_1_24' title="bbox 220 2071 1857 2127; baseline 0 -10"><span class='ocrx_word' id='word_1_217' title='bbox 220 2088 266 2118; x_wconf 85' lang='lat' dir='ltr'><strong>ac</strong></span> <span class='ocrx_word' id='word_1_218' title='bbox 288 2071 444 2116; x_wconf 80' lang='lat' dir='ltr'><strong>veriore</strong></span> <span class='ocrx_word' id='word_1_219' title='bbox 465 2076 636 2123; x_wconf 87' lang='lat' dir='ltr'><strong>ratione,</strong></span> <span class='ocrx_word' id='word_1_220' title='bbox 664 2089 784 2127; x_wconf 88' lang='lat' dir='ltr'><strong>quam</strong></span> <span class='ocrx_word' id='word_1_221' title='bbox 805 2075 846 2113; x_wconf 91' lang='lat' dir='ltr'><strong>in</strong></span> <span class='ocrx_word' id='word_1_222' title='bbox 867 2076 1040 2127; x_wconf 84' lang='lat' dir='ltr'><strong>Virgilio</strong></span> <span class='ocrx_word' id='word_1_223' title='bbox 1062 2076 1304 2115; x_wconf 82' lang='lat' dir='ltr'><strong>redhibitam</strong></span> <span class='ocrx_word' id='word_1_224' title='bbox 1324 2076 1398 2115; x_wconf 80' lang='lat' dir='ltr'><strong>effe</strong></span> <span class='ocrx_word' id='word_1_225' title='bbox 1424 2077 1632 2115; x_wconf 81' lang='lat' dir='ltr'><strong>volumus:</strong></span> <span class='ocrx_word' id='word_1_226' title='bbox 1662 2087 1705 2115; x_wconf 88' lang='lat' dir='ltr'><strong>ut</strong></span> <span class='ocrx_word' id='word_1_227' title='bbox 1726 2078 1857 2117; x_wconf 85' lang='lat' dir='ltr'><strong>statim</strong></span> 
     </span>
     <span class='ocr_line' id='line_1_25' title="bbox 222 2138 1859 2192; baseline -0.002 -10"><span class='ocrx_word' id='word_1_228' title='bbox 222 2147 300 2191; x_wconf 79' lang='lat'><strong>225</strong></span> <span class='ocrx_word' id='word_1_229' title='bbox 324 2138 442 2180; x_wconf 82' lang='lat' dir='ltr'><strong>litora.</strong></span> <span class='ocrx_word' id='word_1_230' title='bbox 498 2139 656 2178; x_wconf 86' lang='lat' dir='ltr'><strong>Scilicet</strong></span> <span class='ocrx_word' id='word_1_231' title='bbox 690 2139 845 2192; x_wconf 84' lang='lat' dir='ltr'><strong>antiqui</strong></span> <span class='ocrx_word' id='word_1_232' title='bbox 880 2139 1031 2178; x_wconf 83' lang='lat' dir='ltr'><strong>litteras</strong></span> <span class='ocrx_word' id='word_1_233' title='bbox 1062 2139 1102 2177; x_wconf 89' lang='lat' dir='ltr'><strong>in</strong></span> <span class='ocrx_word' id='word_1_234' title='bbox 1131 2138 1193 2177; x_wconf 82' lang='lat' dir='ltr'><strong>his</strong></span> <span class='ocrx_word' id='word_1_235' title='bbox 1229 2140 1484 2192; x_wconf 79' lang='lat' dir='ltr'><strong>geminabant</strong></span> <span class='ocrx_word' id='word_1_236' title='bbox 1520 2141 1859 2192; x_wconf 75' lang='lat' dir='ltr'><strong>pronuntiatione,</strong></span> 
     </span>
     <span class='ocr_line' id='line_1_26' title="bbox 220 2204 1859 2262; baseline -0.001 -16"><span class='ocrx_word' id='word_1_237' title='bbox 220 2214 302 2246; x_wconf 89' lang='lat' dir='ltr'><strong>n&#39;on</strong></span> <span class='ocrx_word' id='word_1_238' title='bbox 321 2204 540 2258; x_wconf 82' lang='lat' dir='ltr'><strong>scriptura3</strong></span> <span class='ocrx_word' id='word_1_239' title='bbox 571 2205 810 2262; x_wconf 79' lang='lat' dir='ltr'><strong>recentiores</strong></span> <span class='ocrx_word' id='word_1_240' title='bbox 830 2204 951 2243; x_wconf 88' lang='lat' dir='ltr'><strong>etiam</strong></span> <span class='ocrx_word' id='word_1_241' title='bbox 970 2204 1162 2255; x_wconf 84' lang='lat' dir='ltr'><strong>scriptura</strong></span> <span class='ocrx_word' id='word_1_242' title='bbox 1178 2217 1188 2241; x_wconf 72' lang='grc' dir='ltr'><em>τ</em></span> <span class='ocrx_word' id='word_1_243' title='bbox 1219 2204 1327 2242; x_wconf 68' lang='lat' dir='ltr'><strong>reete</strong></span> <span class='ocrx_word' id='word_1_244' title='bbox 1348 2212 1387 2242; x_wconf 86' lang='lat' dir='ltr'><strong>et</strong></span> <span class='ocrx_word' id='word_1_245' title='bbox 1406 2204 1481 2243; x_wconf 87' lang='lat' dir='ltr'><strong>hoc</strong></span> <span class='ocrx_word' id='word_1_246' title='bbox 1500 2217 1509 2242; x_wconf 81' lang='lat' dir='ltr'><strong><em>z</em></strong></span> <span class='ocrx_word' id='word_1_247' title='bbox 1531 2204 1595 2242; x_wconf 89' lang='lat' dir='ltr'><strong>sed</strong></span> <span class='ocrx_word' id='word_1_248' title='bbox 1614 2214 1701 2243; x_wconf 88' lang='lat' dir='ltr'><strong>tum</strong></span> <span class='ocrx_word' id='word_1_249' title='bbox 1719 2214 1859 2244; x_wconf 84' lang='lat' dir='ltr'><strong>tenen-</strong></span> 
     </span>
     <span class='ocr_line' id='line_1_27' title="bbox 219 2267 1815 2321; baseline -0.001 -11"><span class='ocrx_word' id='word_1_250' title='bbox 219 2271 318 2311; x_wconf 85' lang='lat' dir='ltr'><strong>dum</strong></span> <span class='ocrx_word' id='word_1_251' title='bbox 337 2269 391 2310; x_wconf 89' lang='lat' dir='ltr'><strong>est</strong></span> <span class='ocrx_word' id='word_1_252' title='bbox 412 2269 653 2313; x_wconf 88' lang='lat' dir='ltr'><strong>alterutrum</strong></span> <span class='ocrx_word' id='word_1_253' title='bbox 674 2269 897 2309; x_wconf 86' lang='lat' dir='ltr'><strong>constanter</strong></span> <span class='ocrx_word' id='word_1_254' title='bbox 919 2279 957 2308; x_wconf 88' lang='lat' dir='ltr'><strong>et</strong></span> <span class='ocrx_word' id='word_1_255' title='bbox 977 2269 1018 2307; x_wconf 86' lang='lat' dir='ltr'><strong>in</strong></span> <span class='ocrx_word' id='word_1_256' title='bbox 1039 2267 1236 2316; x_wconf 85' lang='lat' dir='ltr'><strong>omnibus,</strong></span> <span class='ocrx_word' id='word_1_257' title='bbox 1250 2268 1390 2321; x_wconf 88' lang='lat' dir='ltr'><strong>quibus</strong></span> <span class='ocrx_word' id='word_1_258' title='bbox 1405 2268 1542 2307; x_wconf 75' lang='lat' dir='ltr'><strong>eadem</strong></span> <span class='ocrx_word' id='word_1_259' title='bbox 1556 2268 1658 2307; x_wconf 82' lang='lat' dir='ltr'><strong>ratio</strong></span> <span class='ocrx_word' id='word_1_260' title='bbox 1676 2269 1815 2308; x_wconf 87' lang='lat' dir='ltr'><strong>subest.</strong></span> 
     </span>
    </p>
   </div>
   <div class='ocr_carea' id='block_1_9' title="bbox 366 1325 472 1332">
    <p class='ocr_par' dir='ltr' id='par_1_9' title="bbox 366 1325 472 1332">
     <span class='ocr_line' id='line_1_28' title="bbox 366 1325 472 1332; baseline 0 0"><span class='ocrx_word' id='word_1_261' title='bbox 366 1325 472 1332; x_wconf 95' lang='lat' dir='ltr'><strong> </strong></span> 
     </span>
    </p>
   </div>
   <div class='ocr_carea' id='block_1_10' title="bbox 801 1452 908 1460">
    <p class='ocr_par' dir='ltr' id='par_1_10' title="bbox 801 1452 908 1460">
     <span class='ocr_line' id='line_1_29' title="bbox 801 1452 908 1460; baseline 0 2570"><span class='ocrx_word' id='word_1_262' title='bbox 801 1452 908 1460; x_wconf 95' lang='lat' dir='ltr'><strong> </strong></span> 
     </span>
    </p>
   </div>
   <div class='ocr_carea' id='block_1_11' title="bbox 1083 2406 1857 2520">
    <p class='ocr_par' dir='ltr' id='par_1_11' title="bbox 1083 2406 1857 2520">
     <span class='ocr_line' id='line_1_30' title="bbox 1086 2406 1857 2470; baseline 0.004 -16"><span class='ocrx_word' id='word_1_263' title='bbox 1086 2407 1159 2454; x_wconf 87' lang='lat' dir='ltr'><strong>Ad</strong></span> <span class='ocrx_word' id='word_1_264' title='bbox 1184 2407 1428 2470; x_wconf 80' lang='lat' dir='ltr'><strong>prosaicam</strong></span> <span class='ocrx_word' id='word_1_265' title='bbox 1447 2407 1548 2454; x_wconf 87' lang='lat' dir='ltr'><strong>sane</strong></span> <span class='ocrx_word' id='word_1_266' title='bbox 1563 2406 1857 2457; x_wconf 83' lang='lat' dir='ltr'><strong>subtilitatem</strong></span> 
     </span>
     <span class='ocr_line' id='line_1_31' title="bbox 1083 2472 1857 2520; baseline 0.001 -1"><span class='ocrx_word' id='word_1_267' title='bbox 1083 2473 1296 2519; x_wconf 76' lang='lat' dir='ltr'><strong>debuisset</strong></span> <span class='ocrx_word' id='word_1_268' title='bbox 1329 2472 1614 2518; x_wconf 81' lang='lat' dir='ltr'><strong>antecedere:</strong></span> <span class='ocrx_word' id='word_1_269' title='bbox 1650 2490 1756 2519; x_wconf 89' lang='lat' dir='ltr'><strong>num</strong></span> <span class='ocrx_word' id='word_1_270' title='bbox 1775 2489 1857 2520; x_wconf 84' lang='lat' dir='ltr'><strong>ex-</strong></span> 
     </span>
    </p>
   </div>
   <div class='ocr_carea' id='block_1_12' title="bbox 216 2407 1004 2538">
    <p class='ocr_par' dir='ltr' id='par_1_12' title="bbox 216 2407 1004 2538">
     <span class='ocr_line' id='line_1_32' title="bbox 216 2407 1004 2457; baseline 0.001 -1"><span class='ocrx_word' id='word_1_271' title='bbox 216 2407 488 2457; x_wconf 89' lang='lat' dir='ltr'><strong>defiderium</strong></span> <span class='ocrx_word' id='word_1_272' title='bbox 550 2409 806 2457; x_wconf 69' lang='lat' dir='ltr'><strong>amissorum</strong></span> <span class='ocrx_word' id='word_1_273' title='bbox 858 2409 1004 2457; x_wconf 85' lang='lat' dir='ltr'><strong>socio-</strong></span> 
     </span>
     <span class='ocr_line' id='line_1_33' title="bbox 217 2474 1002 2538; baseline 0.003 -19"><span class='ocrx_word' id='word_1_274' title='bbox 217 2488 335 2522; x_wconf 86' lang='lat' dir='ltr'><strong>rum.</strong></span> <span class='ocrx_word' id='word_1_275' title='bbox 357 2474 580 2522; x_wconf 86' lang='lat' dir='ltr'><strong>v.·Burm.</strong></span> <span class='ocrx_word' id='word_1_276' title='bbox 604 2475 661 2520; x_wconf 85' lang='lat' dir='ltr'><strong>ad</strong></span> <span class='ocrx_word' id='word_1_277' title='bbox 683 2475 729 2521; x_wconf 91' lang='lat' dir='ltr'><strong>h.</strong></span> <span class='ocrx_word' id='word_1_278' title='bbox 748 2476 780 2521; x_wconf 86' lang='lat' dir='ltr'><strong>l.</strong></span> <span class='ocrx_word' id='word_1_279' title='bbox 804 2492 1002 2538; x_wconf 87' lang='lat' dir='ltr'><strong>conque-</strong></span> 
     </span>
    </p>
   </div>
   <div class='ocr_carea' id='block_1_13' title="bbox 189 2539 1001 3054">
    <p class='ocr_par' dir='ltr' id='par_1_13' title="bbox 189 2539 1001 2926">
     <span class='ocr_line' id='line_1_34' title="bbox 218 2539 996 2596; baseline 0.001 -13"><span class='ocrx_word' id='word_1_280' title='bbox 218 2550 396 2594; x_wconf 89' lang='lat' dir='ltr'><strong>runtur,</strong></span> <span class='ocrx_word' id='word_1_281' title='bbox 439 2540 755 2596; x_wconf 87' lang='lat' dir='ltr'><strong>lamentantur,</strong></span> <span class='ocrx_word' id='word_1_282' title='bbox 800 2556 875 2586; x_wconf 88' lang='lat' dir='ltr'><strong>eos</strong></span> <span class='ocrx_word' id='word_1_283' title='bbox 913 2539 996 2585; x_wconf 86' lang='lat' dir='ltr'><strong>fibi</strong></span> 
     </span>
     <span class='ocr_line' id='line_1_35' title="bbox 217 2603 1000 2667; baseline 0.003 -18"><span class='ocrx_word' id='word_1_284' title='bbox 217 2615 411 2667; x_wconf 79' lang='lat' dir='ltr'><strong>ereptos,</strong></span> <span class='ocrx_word' id='word_1_285' title='bbox 446 2605 703 2661; x_wconf 72' lang='grc' dir='ltr'><em>Μνησάμενοι</em></span> <span class='ocrx_word' id='word_1_286' title='bbox 766 2603 810 2653; x_wconf 63' lang='grc' dir='ltr'><strong>δὴ</strong></span> <span class='ocrx_word' id='word_1_287' title='bbox 846 2605 1000 2651; x_wconf 67' lang='lat' dir='ltr'><strong>&#39;&#39;vtem-x</strong></span> 
     </span>
     <span class='ocr_line' id='line_1_36' title="bbox 218 2668 998 2732; baseline 0.001 -17"><span class='ocrx_word' id='word_1_288' title='bbox 218 2669 343 2732; x_wconf 68' lang='grc' dir='ltr'><em>φίλες</em></span> <span class='ocrx_word' id='word_1_289' title='bbox 372 2672 554 2719; x_wconf 63' lang='grc' dir='ltr'><strong>,ἔκλαιον</strong></span> <span class='ocrx_word' id='word_1_290' title='bbox 598 2670 782 2731; x_wconf 50' lang='lat' dir='ltr'><strong>{fulgen</strong></span> <span class='ocrx_word' id='word_1_291' title='bbox 838 2668 998 2731; x_wconf 78' lang='lat' dir='ltr'><strong>Odyff.</strong></span> 
     </span>
     <span class='ocr_line' id='line_1_37' title="bbox 214 2733 1001 2796; baseline -0.005 -13"><span class='ocrx_word' id='word_1_292' title='bbox 214 2754 272 2791; x_wconf 82' lang='grc' dir='ltr'><strong>μ,</strong></span> <span class='ocrx_word' id='word_1_293' title='bbox 307 2750 416 2796; x_wconf 82' lang='grc'>309.</span> <span class='ocrx_word' id='word_1_294' title='bbox 485 2733 682 2796; x_wconf 84' lang='lat' dir='ltr'><strong>Vulgari</strong></span> <span class='ocrx_word' id='word_1_295' title='bbox 706 2733 909 2779; x_wconf 88' lang='lat' dir='ltr'><strong>oratione</strong></span> <span class='ocrx_word' id='word_1_296' title='bbox 931 2733 1001 2779; x_wconf 90' lang='lat' dir='ltr'><strong>di-</strong></span> 
     </span>
     <span class='ocr_line' id='line_1_38' title="bbox 189 2796 1000 2856; baseline -0.001 -11"><span class='ocrx_word' id='word_1_297' title='bbox 189 2813 366 2856; x_wconf 75' lang='lat' dir='ltr'><strong>ceres:</strong></span> <span class='ocrx_word' id='word_1_298' title='bbox 402 2800 545 2855; x_wconf 74' lang='lat' dir='ltr'><strong>multa</strong></span> <span class='ocrx_word' id='word_1_299' title='bbox 579 2799 637 2846; x_wconf 85' lang='lat' dir='ltr'><strong>de</strong></span> <span class='ocrx_word' id='word_1_300' title='bbox 671 2796 804 2844; x_wconf 89' lang='lat' dir='ltr'><strong>sociis</strong></span> <span class='ocrx_word' id='word_1_301' title='bbox 842 2799 1000 2846; x_wconf 83' lang='lat' dir='ltr'><strong>amiffis</strong></span> 
     </span>
     <span class='ocr_line' id='line_1_39' title="bbox 214 2859 766 2926; baseline -0.004 -17"><span class='ocrx_word' id='word_1_302' title='bbox 214 2859 334 2917; x_wconf 82' lang='lat' dir='ltr'><strong>inter</strong></span> <span class='ocrx_word' id='word_1_303' title='bbox 355 2860 766 2926; x_wconf 67' lang='lat' dir='ltr'><strong>se&#39;conqueruntur.</strong></span> 
     </span>
    </p>

    <p class='ocr_par' dir='ltr' id='par_1_14' title="bbox 212 2924 999 3054">
     <span class='ocr_line' id='line_1_40' title="bbox 281 2924 999 2992; baseline -0.003 -18"><span class='ocrx_word' id='word_1_304' title='bbox 281 2942 394 2992; x_wconf 81' lang='lat'><strong>219.</strong></span> <span class='ocrx_word' id='word_1_305' title='bbox 423 2927 503 2975; x_wconf 83' lang='lat' dir='ltr'><strong>H.</strong></span> <span class='ocrx_word' id='word_1_306' title='bbox 560 2944 600 2975; x_wconf 91' lang='lat' dir='ltr'><strong>e.</strong></span> <span class='ocrx_word' id='word_1_307' title='bbox 654 2927 742 2973; x_wconf 73' lang='lat' dir='ltr'><strong>five</strong></span> <span class='ocrx_word' id='word_1_308' title='bbox 781 2927 876 2989; x_wconf 87' lang='lat' dir='ltr'><strong>jam</strong></span> <span class='ocrx_word' id='word_1_309' title='bbox 917 2924 999 2972; x_wconf 81' lang='lat' dir='ltr'><strong>effe</strong></span> 
     </span>
     <span class='ocr_line' id='line_1_41' title="bbox 212 2990 996 3054; baseline -0.005 -15"><span class='ocrx_word' id='word_1_310' title='bbox 212 3001 433 3039; x_wconf 88' lang='lat' dir='ltr'><strong>mortuos.</strong></span> <span class='ocrx_word' id='word_1_311' title='bbox 484 2993 690 3053; x_wconf 75' lang='lat' dir='ltr'><strong>Extrema</strong></span> <span class='ocrx_word' id='word_1_312' title='bbox 707 2999 804 3053; x_wconf 82' lang='lat' dir='ltr'><strong>pati</strong></span> <span class='ocrx_word' id='word_1_313' title='bbox 816 2990 996 3054; x_wconf 87' lang='lat' dir='ltr'><strong>proprie</strong></span> 
     </span>
    </p>
   </div>
   <div class='ocr_carea' id='block_1_14' title="bbox 101 3054 997 3128">
    <p class='ocr_par' dir='ltr' id='par_1_15' title="bbox 101 3054 997 3128">
     <span class='ocr_line' id='line_1_42' title="bbox 101 3054 997 3128; baseline -0.002 -25"><span class='ocrx_word' id='word_1_314' title='bbox 101 3072 102 3077; x_wconf 53' lang='lat'>¹</span> <span class='ocrx_word' id='word_1_315' title='bbox 181 3100 183 3103; x_wconf 83' lang='lat'><strong>.</strong></span> <span class='ocrx_word' id='word_1_316' title='bbox 212 3054 563 3128; x_wconf 46' lang='lat' dir='ltr'><strong>dicuntum-qui</strong></span> <span class='ocrx_word' id='word_1_317' title='bbox 580 3055 754 3103; x_wconf 87' lang='lat' dir='ltr'><strong>crudeli</strong></span> <span class='ocrx_word' id='word_1_318' title='bbox 777 3054 997 3118; x_wconf 83' lang='lat' dir='ltr'><strong>supplicio</strong></span> 
     </span>
    </p>
   </div>
   <div class='ocr_carea' id='block_1_15' title="bbox 205 3118 999 3568">
    <p class='ocr_par' dir='ltr' id='par_1_16' title="bbox 205 3118 999 3568">
     <span class='ocr_line' id='line_1_43' title="bbox 212 3118 994 3172; baseline -0.003 -5"><span class='ocrx_word' id='word_1_319' title='bbox 212 3118 361 3167; x_wconf 66' lang='lat' dir='ltr'><strong>affecti</strong></span> <span class='ocrx_word' id='word_1_320' title='bbox 403 3131 600 3167; x_wconf 79' lang='lat' dir='ltr'><strong>ammam</strong></span> <span class='ocrx_word' id='word_1_321' title='bbox 659 3119 827 3172; x_wconf 85' lang='lat' dir='ltr'><strong>efflant,</strong></span> <span class='ocrx_word' id='word_1_322' title='bbox 863 3119 908 3165; x_wconf 86' lang='lat' dir='ltr'><strong>h.</strong></span> <span class='ocrx_word' id='word_1_323' title='bbox 961 3119 994 3166; x_wconf 89' lang='lat' dir='ltr'><strong>l.</strong></span> 
     </span>
     <span class='ocr_line' id='line_1_44' title="bbox 212 3182 999 3248; baseline -0.005 -17"><span class='ocrx_word' id='word_1_324' title='bbox 212 3183 507 3248; x_wconf 70' lang='lat' dir='ltr'><strong>fimpliciter,</strong></span> <span class='ocrx_word' id='word_1_325' title='bbox 584 3183 664 3248; x_wconf 88' lang='lat' dir='ltr'><strong>qui</strong></span> <span class='ocrx_word' id='word_1_326' title='bbox 744 3182 999 3231; x_wconf 87' lang='lat' dir='ltr'><strong>moriuntur</strong></span> 
     </span>
     <span class='ocr_line' id='line_1_45' title="bbox 212 3246 996 3303; baseline -0.004 -8"><span class='ocrx_word' id='word_1_327' title='bbox 212 3259 363 3296; x_wconf 85' lang='lat' dir='ltr'><strong>morte</strong></span> <span class='ocrx_word' id='word_1_328' title='bbox 395 3248 617 3303; x_wconf 78' lang='lat' dir='ltr'><strong>violenta,</strong></span> <span class='ocrx_word' id='word_1_329' title='bbox 649 3247 856 3295; x_wconf 70' lang='lat' dir='ltr'><strong>flnffibus</strong></span> <span class='ocrx_word' id='word_1_330' title='bbox 895 3246 996 3293; x_wconf 89' lang='lat' dir='ltr'><strong>sub-</strong></span> 
     </span>
     <span class='ocr_line' id='line_1_46' title="bbox 212 3308 995 3377; baseline -0.005 -17"><span class='ocrx_word' id='word_1_331' title='bbox 212 3308 361 3368; x_wconf 71' lang='lat' dir='ltr'><strong>mersi,</strong></span> <span class='ocrx_word' id='word_1_332' title='bbox 394 3316 572 3377; x_wconf 81' lang='lat' dir='ltr'><strong>necjam</strong></span> <span class='ocrx_word' id='word_1_333' title='bbox 593 3315 794 3360; x_wconf 81' lang='lat' dir='ltr'><strong>exaudire</strong></span> <span class='ocrx_word' id='word_1_334' title='bbox 813 3325 995 3366; x_wconf 79' lang='lat' dir='ltr'><strong>vocatos,</strong></span> 
     </span>
     <span class='ocr_line' id='line_1_47' title="bbox 212 3375 995 3440; baseline -0.004 -16"><span class='ocrx_word' id='word_1_335' title='bbox 212 3375 260 3436; x_wconf 74' lang='lat' dir='ltr'><strong>li.</strong></span> <span class='ocrx_word' id='word_1_336' title='bbox 283 3393 327 3427; x_wconf 85' lang='lat' dir='ltr'><strong>e.</strong></span> <span class='ocrx_word' id='word_1_337' title='bbox 365 3377 450 3424; x_wconf 85' lang='lat' dir='ltr'><strong>effe</strong></span> <span class='ocrx_word' id='word_1_338' title='bbox 481 3391 705 3433; x_wconf 74' lang='lat' dir='ltr'><strong>mortuos,</strong></span> <span class='ocrx_word' id='word_1_339' title='bbox 736 3392 851 3440; x_wconf 79' lang='lat' dir='ltr'><strong>quos.</strong></span> <span class='ocrx_word' id='word_1_340' title='bbox 869 3375 995 3422; x_wconf 87' lang='lat' dir='ltr'><strong>invo-</strong></span> 
     </span>
     <span class='ocr_line' id='line_1_48' title="bbox 211 3438 995 3498; baseline -0.006 -8"><span class='ocrx_word' id='word_1_341' title='bbox 211 3440 311 3498; x_wconf 74' lang='lat' dir='ltr'><strong>cari</strong></span> <span class='ocrx_word' id='word_1_342' title='bbox 347 3440 406 3488; x_wconf 84' lang='lat' dir='ltr'><strong>ab</strong></span> <span class='ocrx_word' id='word_1_343' title='bbox 445 3439 603 3489; x_wconf 82' lang='lat' dir='ltr'><strong>amicis</strong></span> <span class='ocrx_word' id='word_1_344' title='bbox 636 3453 684 3488; x_wconf 85' lang='lat' dir='ltr'><strong>et</strong></span> <span class='ocrx_word' id='word_1_345' title='bbox 721 3438 995 3488; x_wconf 82' lang='lat' dir='ltr'><strong>conclamari</strong></span> 
     </span>
     <span class='ocr_line' id='line_1_49' title="bbox 205 3502 994 3568; baseline -0.009 -13"><span class='ocrx_word' id='word_1_346' title='bbox 205 3518 349 3560; x_wconf 16' lang='lat' dir='ltr'><strong>&gt;notus</strong></span> <span class='ocrx_word' id='word_1_347' title='bbox 379 3520 478 3552; x_wconf 88' lang='lat' dir='ltr'><strong>mos</strong></span> <span class='ocrx_word' id='word_1_348' title='bbox 493 3517 607 3561; x_wconf 83' lang='lat' dir='ltr'><strong>erat,</strong></span> <span class='ocrx_word' id='word_1_349' title='bbox 641 3504 727 3552; x_wconf 87' lang='lat' dir='ltr'><strong>inf.</strong></span> <span class='ocrx_word' id='word_1_350' title='bbox 770 3502 867 3558; x_wconf 86' lang='lat'>111,</span> <span class='ocrx_word' id='word_1_351' title='bbox 902 3506 994 3568; x_wconf 85' lang='lat'><strong>67:</strong></span> 
     </span>
    </p>
   </div>
   <div class='ocr_carea' id='block_1_16' title="bbox 201 3567 991 3652">
    <p class='ocr_par' dir='ltr' id='par_1_17' title="bbox 201 3567 991 3652">
     <span class='ocr_line' id='line_1_50' title="bbox 201 3567 991 3652; baseline -0.046 -17"><span class='ocrx_word' id='word_1_352' title='bbox 201 3567 307 3652; x_wconf 42' lang='lat' dir='ltr'><strong>{Vll</strong></span> <span class='ocrx_word' id='word_1_353' title='bbox 340 3568 572 3636; x_wconf 62' lang='lat' dir='ltr'><strong>505.‘cfi</strong></span> <span class='ocrx_word' id='word_1_354' title='bbox 625 3568 785 3634; x_wconf 75' lang='lat' dir='ltr'><strong>Odyss‘.</strong></span> <span class='ocrx_word' id='word_1_355' title='bbox 829 3590 861 3624; x_wconf 59' lang='lat'><strong>1,</strong></span> <span class='ocrx_word' id='word_1_356' title='bbox 913 3567 991 3631; x_wconf 80' lang='lat'><strong>⁶5·</strong></span> 
     </span>
    </p>
   </div>
   <div class='ocr_carea' id='block_1_17' title="bbox 1070 2537 1856 3682">
    <p class='ocr_par' dir='ltr' id='par_1_18' title="bbox 1077 2537 1856 2728">
     <span class='ocr_line' id='line_1_51' title="bbox 1082 2537 1856 2599; baseline 0 -16"><span class='ocrx_word' id='word_1_357' title='bbox 1082 2550 1223 2584; x_wconf 89' lang='lat' dir='ltr'><strong>trema</strong></span> <span class='ocrx_word' id='word_1_358' title='bbox 1242 2553 1316 2584; x_wconf 85' lang='lat' dir='ltr'><strong>eos</strong></span> <span class='ocrx_word' id='word_1_359' title='bbox 1331 2541 1461 2599; x_wconf 57' lang='grc' dir='ltr'><strong>ῥίψω</strong></span> <span class='ocrx_word' id='word_1_360' title='bbox 1480 2540 1552 2599; x_wconf 74' lang='lat' dir='ltr'><em>ff</em></span> <span class='ocrx_word' id='word_1_361' title='bbox 1572 2537 1774 2590; x_wconf 84' lang='lat' dir='ltr'><strong>credant,</strong></span> <span class='ocrx_word' id='word_1_362' title='bbox 1810 2547 1856 2583; x_wconf 92' lang='lat' dir='ltr'><strong>et</strong></span> 
     </span>
     <span class='ocr_line' id='line_1_52' title="bbox 1077 2599 1853 2664; baseline -0.001 -16"><span class='ocrx_word' id='word_1_363' title='bbox 1077 2602 1173 2663; x_wconf 87' lang='lat' dir='ltr'><strong>jam</strong></span> <span class='ocrx_word' id='word_1_364' title='bbox 1190 2601 1522 2647; x_wconf 77' lang='lat' dir='ltr'><strong>conclamatos?</strong></span> <span class='ocrx_word' id='word_1_365' title='bbox 1545 2599 1630 2646; x_wconf 88' lang='lat' dir='ltr'><strong>Sed</strong></span> <span class='ocrx_word' id='word_1_366' title='bbox 1652 2599 1701 2646; x_wconf 87' lang='lat' dir='ltr'><strong>iu</strong></span> <span class='ocrx_word' id='word_1_367' title='bbox 1717 2605 1853 2664; x_wconf 80' lang='lat' dir='ltr'><strong>po&#39;eta</strong></span> 
     </span>
     <span class='ocr_line' id='line_1_53' title="bbox 1083 2663 1549 2728; baseline -0.006 -16"><span class='ocrx_word' id='word_1_368' title='bbox 1083 2667 1163 2712; x_wconf 85' lang='lat' dir='ltr'><strong>illa</strong></span> <span class='ocrx_word' id='word_1_369' title='bbox 1186 2683 1277 2711; x_wconf 91' lang='lat' dir='ltr'><strong>non</strong></span> <span class='ocrx_word' id='word_1_370' title='bbox 1296 2663 1549 2728; x_wconf 86' lang='lat' dir='ltr'><strong>requiritur.</strong></span> 
     </span>
    </p>

    <p class='ocr_par' dir='ltr' id='par_1_19' title="bbox 1070 2725 1851 3627">
     <span class='ocr_line' id='line_1_54' title="bbox 1147 2725 1851 2792; baseline -0.001 -16"><span class='ocrx_word' id='word_1_371' title='bbox 1147 2746 1204 2776; x_wconf 82' lang='lat'><strong>22</strong></span> <span class='ocrx_word' id='word_1_372' title='bbox 1213 2747 1256 2791; x_wconf 83' lang='lat'><strong>3.</strong></span> <span class='ocrx_word' id='word_1_373' title='bbox 1286 2727 1289 2729; x_wconf 46' lang='grc'><strong>’</strong></span> <span class='ocrx_word' id='word_1_374' title='bbox 1314 2731 1373 2776; x_wconf 83' lang='lat' dir='ltr'><strong>Et</strong></span> <span class='ocrx_word' id='word_1_375' title='bbox 1392 2732 1495 2792; x_wconf 79' lang='lat' dir='ltr'><strong>jam</strong></span> <span class='ocrx_word' id='word_1_376' title='bbox 1517 2730 1623 2789; x_wconf 78' lang='lat' dir='ltr'><strong>finis</strong></span> <span class='ocrx_word' id='word_1_377' title='bbox 1659 2739 1752 2775; x_wconf 83' lang='lat' dir='ltr'><strong>erat</strong></span> <span class='ocrx_word' id='word_1_378' title='bbox 1786 2725 1851 2775; x_wconf 78' lang='lat' dir='ltr'><strong>sc·</strong></span> 
     </span>
     <span class='ocr_line' id='line_1_55' title="bbox 1077 2792 1850 2858; baseline -0.003 -19"><span class='ocrx_word' id='word_1_379' title='bbox 1077 2794 1207 2858; x_wconf 89' lang='lat' dir='ltr'><strong>longi</strong></span> <span class='ocrx_word' id='word_1_380' title='bbox 1246 2792 1474 2848; x_wconf 87' lang='lat' dir='ltr'><strong>sermonis,</strong></span> <span class='ocrx_word' id='word_1_381' title='bbox 1507 2793 1553 2839; x_wconf 89' lang='lat' dir='ltr'><strong>h.</strong></span> <span class='ocrx_word' id='word_1_382' title='bbox 1605 2807 1645 2839; x_wconf 90' lang='lat' dir='ltr'><strong>e.</strong></span> <span class='ocrx_word' id='word_1_383' title='bbox 1694 2806 1850 2854; x_wconf 87' lang='lat' dir='ltr'><strong>quere-</strong></span> 
     </span>
     <span class='ocr_line' id='line_1_56' title="bbox 1076 2854 1848 2913; baseline -0.005 -9"><span class='ocrx_word' id='word_1_384' title='bbox 1076 2860 1240 2913; x_wconf 88' lang='lat' dir='ltr'><strong>larum,</strong></span> <span class='ocrx_word' id='word_1_385' title='bbox 1274 2868 1349 2903; x_wconf 86' lang='lat' dir='ltr'><strong>aut</strong></span> <span class='ocrx_word' id='word_1_386' title='bbox 1384 2856 1566 2903; x_wconf 88' lang='lat' dir='ltr'><strong>omnino</strong></span> <span class='ocrx_word' id='word_1_387' title='bbox 1600 2872 1737 2901; x_wconf 83' lang='lat' dir='ltr'><strong>coenae</strong></span> <span class='ocrx_word' id='word_1_388' title='bbox 1756 2854 1848 2901; x_wconf 87' lang='lat' dir='ltr'><strong>fac-</strong></span> 
     </span>
     <span class='ocr_line' id='line_1_57' title="bbox 1078 2919 1848 2984; baseline -0.003 -16"><span class='ocrx_word' id='word_1_389' title='bbox 1078 2936 1149 2971; x_wconf 82' lang='lat' dir='ltr'><strong>tae.</strong></span> <span class='ocrx_word' id='word_1_390' title='bbox 1232 2921 1451 2984; x_wconf 88' lang='lat' dir='ltr'><strong>Pompon.</strong></span> <span class='ocrx_word' id='word_1_391' title='bbox 1506 2919 1692 2965; x_wconf 85' lang='lat' dir='ltr'><strong>Sabinus</strong></span> <span class='ocrx_word' id='word_1_392' title='bbox 1713 2920 1848 2980; x_wconf 66' lang='lat' dir='ltr'><strong>finem</strong></span> 
     </span>
     <span class='ocr_line' id='line_1_58' title="bbox 1076 2986 1845 3048; baseline -0.007 -14"><span class='ocrx_word' id='word_1_393' title='bbox 1076 2990 1162 3034; x_wconf 81' lang='lat' dir='ltr'><strong>diei</strong></span> <span class='ocrx_word' id='word_1_394' title='bbox 1215 2986 1541 3048; x_wconf 86' lang='lat' dir='ltr'><strong>interpretatur.</strong></span> <span class='ocrx_word' id='word_1_395' title='bbox 1577 2999 1679 3028; x_wconf 88' lang='lat' dir='ltr'><strong>nam</strong></span> <span class='ocrx_word' id='word_1_396' title='bbox 1737 2997 1845 3029; x_wconf 84' lang='lat' dir='ltr'><strong>mox</strong></span> 
     </span>
     <span class='ocr_line' id='line_1_59' title="bbox 1077 3044 1842 3100; baseline -0.008 -2"><span class='ocrx_word' id='word_1_397' title='bbox 1077 3050 1325 3098; x_wconf 86' lang='lat' dir='ltr'><strong>dormitum</strong></span> <span class='ocrx_word' id='word_1_398' title='bbox 1367 3047 1639 3100; x_wconf 83' lang='lat' dir='ltr'><strong>concedunt,</strong></span> <span class='ocrx_word' id='word_1_399' title='bbox 1674 3062 1717 3094; x_wconf 88' lang='lat' dir='ltr'><strong>v.</strong></span> <span class='ocrx_word' id='word_1_400' title='bbox 1755 3044 1842 3092; x_wconf 87' lang='lat' dir='ltr'><strong>inf.</strong></span> 
     </span>
     <span class='ocr_line' id='line_1_60' title="bbox 1079 3109 1848 3179; baseline -0.017 -15"><span class='ocrx_word' id='word_1_401' title='bbox 1079 3132 1186 3179; x_wconf 74' lang='lat'><strong>305.</strong></span> <span class='ocrx_word' id='word_1_402' title='bbox 1251 3112 1376 3175; x_wconf 87' lang='lat' dir='ltr'><strong>Ergo</strong></span> <span class='ocrx_word' id='word_1_403' title='bbox 1427 3109 1612 3158; x_wconf 88' lang='lat' dir='ltr'><strong>omnino</strong></span> <span class='ocrx_word' id='word_1_404' title='bbox 1659 3109 1718 3156; x_wconf 87' lang='lat' dir='ltr'><strong>fic</strong></span> <span class='ocrx_word' id='word_1_405' title='bbox 1771 3124 1848 3156; x_wconf 84' lang='lat' dir='ltr'><strong>ac.</strong></span> 
     </span>
     <span class='ocr_line' id='line_1_61' title="bbox 1076 3172 1840 3242; baseline -0.005 -18"><span class='ocrx_word' id='word_1_406' title='bbox 1076 3180 1206 3242; x_wconf 81' lang='lat' dir='ltr'><strong>cipe:</strong></span> <span class='ocrx_word' id='word_1_407' title='bbox 1270 3177 1499 3237; x_wconf 83' lang='lat' dir='ltr'><strong>Postquam</strong></span> <span class='ocrx_word' id='word_1_408' title='bbox 1559 3174 1652 3219; x_wconf 89' lang='lat' dir='ltr'><strong>haec</strong></span> <span class='ocrx_word' id='word_1_409' title='bbox 1713 3172 1840 3220; x_wconf 88' lang='lat' dir='ltr'><strong>finita</strong></span> 
     </span>
     <span class='ocr_line' id='line_1_62' title="bbox 1075 3235 1847 3299; baseline -0.01 -8"><span class='ocrx_word' id='word_1_410' title='bbox 1075 3256 1220 3296; x_wconf 85' lang='lat' dir='ltr'><strong>erant,</strong></span> <span class='ocrx_word' id='word_1_411' title='bbox 1274 3241 1308 3288; x_wconf 88' lang='lat' dir='ltr'><strong>s.</strong></span> <span class='ocrx_word' id='word_1_412' title='bbox 1355 3239 1422 3286; x_wconf 86' lang='lat' dir='ltr'><strong>his</strong></span> <span class='ocrx_word' id='word_1_413' title='bbox 1475 3237 1620 3288; x_wconf 66' lang='lat' dir='ltr'><strong>fastis,</strong></span> <span class='ocrx_word' id='word_1_414' title='bbox 1670 3235 1847 3299; x_wconf 89' lang='lat' dir='ltr'><strong>Jupiter</strong></span> 
     </span>
     <span class='ocr_line' id='line_1_63' title="bbox 1077 3299 1848 3370; baseline -0.01 -16"><span class='ocrx_word' id='word_1_415' title='bbox 1077 3304 1304 3370; x_wconf 86' lang='lat' dir='ltr'><strong>prospexit</strong></span> <span class='ocrx_word' id='word_1_416' title='bbox 1354 3316 1439 3350; x_wconf 83' lang='lat' dir='ltr'><strong>ete.</strong></span> <span class='ocrx_word' id='word_1_417' title='bbox 1507 3300 1604 3364; x_wconf 84' lang='lat' dir='ltr'><strong>Qi</strong></span> <span class='ocrx_word' id='word_1_418' title='bbox 1652 3299 1848 3362; x_wconf 85' lang='lat' dir='ltr'><strong>sequitur</strong></span> 
     </span>
     <span class='ocr_line' id='line_1_64' title="bbox 1075 3364 1845 3430; baseline -0.009 -13"><span class='ocrx_word' id='word_1_419' title='bbox 1075 3371 1219 3426; x_wconf 91' lang='lat' dir='ltr'><strong>locus,</strong></span> <span class='ocrx_word' id='word_1_420' title='bbox 1251 3385 1276 3415; x_wconf 92' lang='lat' dir='ltr'><strong>e</strong></span> <span class='ocrx_word' id='word_1_421' title='bbox 1297 3364 1666 3430; x_wconf 82' lang='lat' dir='ltr'><strong>praestantionbus</strong></span> <span class='ocrx_word' id='word_1_422' title='bbox 1686 3365 1742 3409; x_wconf 85' lang='lat' dir='ltr'><strong>est</strong></span> <span class='ocrx_word' id='word_1_423' title='bbox 1763 3364 1845 3410; x_wconf 89' lang='lat' dir='ltr'><strong>ha-</strong></span> 
     </span>
     <span class='ocr_line' id='line_1_65' title="bbox 1072 3426 1842 3492; baseline -0.012 -10"><span class='ocrx_word' id='word_1_424' title='bbox 1072 3435 1254 3487; x_wconf 84' lang='lat' dir='ltr'><strong>bendus,</strong></span> <span class='ocrx_word' id='word_1_425' title='bbox 1287 3447 1388 3478; x_wconf 92' lang='lat' dir='ltr'><strong>cum</strong></span> <span class='ocrx_word' id='word_1_426' title='bbox 1411 3433 1544 3492; x_wconf 62' lang='lat' dir='ltr'><strong>poeta</strong></span> <span class='ocrx_word' id='word_1_427' title='bbox 1574 3428 1661 3474; x_wconf 89' lang='lat' dir='ltr'><strong>hoc</strong></span> <span class='ocrx_word' id='word_1_428' title='bbox 1685 3426 1779 3489; x_wconf 86' lang='lat' dir='ltr'><strong>ipso</strong></span> <span class='ocrx_word' id='word_1_429' title='bbox 1796 3438 1842 3474; x_wconf 86' lang='lat' dir='ltr'><strong>et</strong></span> 
     </span>
     <span class='ocr_line' id='line_1_66' title="bbox 1071 3490 1843 3555; baseline -0.014 -9"><span class='ocrx_word' id='word_1_430' title='bbox 1071 3498 1334 3546; x_wconf 84' lang='lat' dir='ltr'><strong>miraculum</strong></span> <span class='ocrx_word' id='word_1_431' title='bbox 1348 3494 1484 3547; x_wconf 81' lang='lat' dir='ltr'><strong>addat</strong></span> <span class='ocrx_word' id='word_1_432' title='bbox 1491 3490 1843 3555; x_wconf 82' lang='lat' dir='ltr'><strong>hospitioAEneae</strong></span> 
     </span>
     <span class='ocr_line' id='line_1_67' title="bbox 1070 3553 1846 3627; baseline -0.012 -18"><span class='ocrx_word' id='word_1_433' title='bbox 1070 3562 1188 3627; x_wconf 78' lang='lat' dir='ltr'><strong>apud</strong></span> <span class='ocrx_word' id='word_1_434' title='bbox 1202 3560 1454 3614; x_wconf 82' lang='lat' dir='ltr'><strong>Didonem,</strong></span> <span class='ocrx_word' id='word_1_435' title='bbox 1485 3568 1547 3613; x_wconf 86' lang='lat' dir='ltr'><strong>et,</strong></span> <span class='ocrx_word' id='word_1_436' title='bbox 1565 3553 1685 3619; x_wconf 89' lang='lat' dir='ltr'><strong>quod</strong></span> <span class='ocrx_word' id='word_1_437' title='bbox 1702 3553 1846 3626; x_wconf 75' lang='lat' dir='ltr'><strong>multo</strong></span> 
     </span>
    </p>

    <p class='ocr_par' dir='ltr' id='par_1_20' title="bbox 1133 3625 1849 3682">
     <span class='ocr_line' id='line_1_68' title="bbox 1133 3625 1849 3682; baseline 0.007 -21"><span class='ocrx_word' id='word_1_438' title='bbox 1133 3625 1176 3674; x_wconf 84' lang='lat' dir='ltr'>C</span> <span class='ocrx_word' id='word_1_439' title='bbox 1211 3639 1240 3673; x_wconf 81' lang='lat'><em>2</em></span> <span class='ocrx_word' id='word_1_440' title='bbox 1685 3631 1849 3682; x_wconf 65' lang='lat' dir='ltr'><strong>majus,</strong></span> 
     </span>
    </p>
   </div>
  </div>
 </body>
</html>
