2372 4030
514 372 696 421 tm
859 299 1723 432 DIS'QUISITIO
1803 347 1861 415 1.

509 529 818 624 equestris
843 524 948 596 vel
979 520 1151 594 tubae
1182 523 1289 594 vel
1304 523 1576 591 aliarum
1595 549 1812 607 rerum
1830 523 2162 595 reddendo

508 648 797 716 laborare
824 678 846 723 ς
895 649 1214 713 Attenuat
1250 667 1325 708 ea
1379 665 1477 709 res
1512 656 1574 706 et
1627 641 1941 747 deprimit
1973 645 2161 735 inge..

508 761 697 829 nium
773 768 987 852 po'etae
1057 774 1121 824 et
1198 758 1350 823 artis
1405 750 1684 847 po‘e'zticss
1739 757 2156 848 dignitatem.

511 877 674 943 Sunt
705 891 943 950 tamen,
992 874 1109 948 aiS,
1163 873 1316 938 tales
1343 869 1564 937 versus
1597 871 1667 941 ih
1698 871 1956 969 optimo
1987 896 2163 963 quo·
2208 866 2214 872 ’

511 1015 645 1083 que
684 990 907 1083 po‘eta.
1002 990 1210 1054 Recte
1237 1017 1261 1063 ς
1309 985 1454 1053 sunt
1500 987 1732 1077 utique
1763 988 1999 1064 multi3
2046 987 2162 1054 etfi

507 1108 728 1200 plures
758 1108 918 1174 alios
945 1105 1024 1172 ad
1055 1103 1179 1172 hoc
1210 1101 1388 1170 lusus
1432 1126 1636 1192 genus
1669 1101 2164 1169 accommodare

512 1220 669 1288 solet
702 1244 926 1287 eorum
958 1217 1326 1308 ingenium,
1377 1217 1489 1305 qui
1533 1215 1767 1281 talibus
1813 1215 2002 1282 rebus
2057 1216 2164 1282 in-

512 1334 827 1424 dulgent:
879 1331 1048 1418 Qis
1106 1330 1312 1406 enim,
1363 1327 1481 1393 nifi
1516 1330 1655 1419 jam
1715 1330 2016 1395 animum
2079 1329 2163 1396 ad

510 1447 686 1514 leves
734 1444 856 1511 hos
917 1442 1091 1510 lusus
1151 1443 1508 1520 deflexerit,
1557 1444 1840 1512 studium
1891 1444 2164 1539 aliquod

508 1561 729 1655 poetae
759 1557 1056 1648 agnoscat
1107 1558 1177 1621 in
1236 1558 1364 1621 illis
1427 1581 1500 1623 ac
1556 1556 1901 1636 similibus,
1949 1556 2166 1649 cujus-

510 1677 694 1743 modi
724 1674 870 1741 sunt
898 1702 914 1738 :
970 1676 1197 1740 Patris
1219 1675 1443 1763 magni
1467 1690 1692 1763 parere
1727 1675 2004 1764 parabat
2034 1678 2168 1743 Im-

499 1792 703 1881 perio,
799 1792 983 1857 Aut:
1040 1792 1220 1857 Avia
1254 1809 1399 1856 tum
1436 1789 1728 1856 resonant
1761 1790 1986 1858 avibus
2028 1793 2165 1860 vir-

509 1903 693 1993 gulta
723 1901 994 1970 sonoriS.
1077 1903 1260 1970 Mihi
1285 1905 1516 1994 utique
1546 1905 1623 1970 ad
1647 1904 1941 1995 poetices
1971 1906 2165 1974 indo-

509 2018 645 2083 lem
677 2018 945 2108 propius
974 2016 1096 2082 effe
1120 2019 1379 2084 videtur
1417 2018 1713 2096 statuere,
1764 2017 1970 2110 ipsam
2019 2044 2168 2088 ora-

511 2135 708 2202 tionis
750 2152 1046 2200 naturam
1097 2137 1184 2199 ita
1218 2133 1339 2200 effe
1375 2154 1840 2226 comparatam,
1886 2151 1960 2202 ut
1989 2136 2168 2203 mul-

512 2265 724 2316 tarum
754 2274 968 2316 rerum
1024 2250 1210 2317 sonos
1259 2251 1577 2342 exprimat
1600 2281 1622 2326 ς
1674 2248 2166 2320 inflammatum

512 2382 729 2434 autem
773 2365 1301 2459 phantasmatum
1334 2368 1541 2461 specie
1560 2368 1815 2463 objecta
1836 2368 2164 2450 animum,

511 2503 692 2560 cum,
741 2507 956 2549 rerum
988 2482 1226 2576 species
1267 2484 1384 2552 fibi
1430 2482 1838 2551 obversantes
1886 2497 1959 2550 ut
2014 2506 2164 2552 ora-

509 2597 688 2663 tione
735 2598 952 2664 vivide
996 2600 1346 2691 exprimat,
1397 2598 1665 2676 laborat,
1715 2595 2055 2664 necessario
2094 2598 2166 2665 in

508 2710 624 2778 ista
663 2713 976 2779 vocabula
1022 2715 1330 2793 incidere,
1381 2715 1484 2781 vel
1528 2715 1839 2782 orationis
1867 2715 2167 2806 proprie-

506 2840 637 2893 tate
687 2825 990 2894 ducente.
1085 2829 1182 2895 Ita
1232 2852 1460 2920 graves
1534 2843 1599 2894 et
1658 2826 1928 2906 celereS,
1984 2828 2165 2895 lenes

505 2960 582 3006 ac
603 2938 824 3018 durOS,
870 2938 1060 3008 sonos
1099 2943 1204 3037 vei
1230 2966 1365 3009 non
1395 2941 1461 3008 id
1493 2963 1689 3032 agens
1721 2955 1785 3007 et
1817 2961 2048 3007 curans
2079 2938 2166 3011 ad

504 3077 723 3122 rerum
753 3071 1050 3123 naturam
1081 3038 1604 3124 accommodabit
1636 3071 1700 3123 et
1731 3072 1945 3123 orator
1976 3051 2165 3146 quis-

505 3191 639 3260 que
667 3169 882 3238 bonus
903 3187 964 3236 et
991 3171 1455 3262 multomagis
1479 3178 1700 3263 poe'ta.
1796 3168 2006 3236 Aliud
2041 3165 2161 3246 est,

503 3281 577 3349 in
608 3306 745 3372 quo
761 3285 885 3352 viri
915 3283 1096 3353 docti
1118 3300 1523 3378 argutantur,
1560 3282 1745 3375 quod
1771 3282 1993 3372 versus
2015 3265 2161 3348 'im-

500 3395 831 3486 perfectos
863 3422 998 3466 non
1028 3400 1087 3465 ei
1117 3397 1377 3478 caussae,
1426 3422 1635 3490 quam
1682 3397 1804 3490 ipfi
1853 3394 2159 3465 Maronis

502 3508 849 3620 familiares
880 3513 1322 3608 prodiderant,
1372 3514 1554 3607 quod
1603 3536 1770 3608 opus
1803 3513 1884 3581 ab
1917 3534 1996 3578 eo
2024 3533 2160 3578 non

518 3630 526 3651 ²
1949 3623 2139 3693 abso-
