2372 4030
301 252 1487 355 TRACTAT.1NVENT10NE.
1587 313 1844 364 Lxxvu

196 453 549 548 reliquiffe.
646 453 868 521 Potuit
917 471 1138 522 tamen
1181 458 1486 550 Trojanis
1539 465 1846 557 imperari

199 570 532 638 ab-AEnea
560 567 758 637 etiam
789 568 931 634 aliis
957 569 1025 634 in
1051 569 1243 648 loci8‚
1293 575 1492 641 etiam
1519 578 1587 643 in
1621 581 1802 654 Itali-a
1819 616 1843 661 ς

199 698 266 750 et
298 680 552 750 velaehoc
583 681 814 773 pofitO,
838 681 1150 751 sententia
1179 683 1288 752 sua
1319 688 1676 760 Homerico
1700 697 1846 765 loco

202 798 489 876 constat}
528 799 744 890 quod
789 799 935 890 jam
981 799 1266 894 Dionys.
1326 805 1577 886 Halic.,
1624 827 1848 879 acutus

204 909 496 1003 scriptor,
546 914 737 992 vidit,
788 915 906 981 lib.
963 917 1020 991 Ι,
1066 940 1211 1007 cap.
1248 941 1285 1006 5
1296 940 1361 1007 3.
1457 922 1658 1011 Qod
1713 939 1850 992 tam

204 1025 471 1095 obscure
501 1030 840 1095 oraculum
885 1028 1051 1096 illud
1100 1031 1401 1122 Neptuni
1432 1036 1667 1101 extulit
1701 1037 1853 1102 Ho-

207 1164 452 1221 merus,
485 1143 565 1209 ad
590 1158 891 1210 naturam
908 1159 971 1209 et
994 1165 1249 1210 morem
1267 1147 1721 1213 vaticiniorum
1743 1171 1852 1214 ac-

138 1300 140 1302 -
207 1253 624 1324 commodate
646 1255 900 1324 fastum
931 1256 1045 1325 est.
1145 1253 1343 1325 Ratio
1389 1259 1528 1350 ejus
1559 1261 1652 1328 rei
1673 1261 1853 1329 reddi

208 1369 420 1462 potest
441 1371 638 1440 etiam
671 1369 815 1443 haec
846 1372 1006 1462 ipsa,
1041 1373 1219 1465 quod
1253 1373 1323 1439 in
1366 1374 1547 1439 terris
1592 1373 1854 1464 longin-

209 1485 360 1576 quis
391 1510 667 1577 regnum
714 1486 877 1554 illud
924 1490 1160 1557 AEneae
1215 1478 1637 1555 constitutum
1683 1505 1811 1554 erat
1826 1521 1852 1568 3

8 1608 10 1611 ’
119 1622 121 1626 ·
209 1597 384 1671 unde
436 1621 573 1664 non
618 1598 737 1665 nifi
787 1598 1054 1667 obscura
1101 1616 1165 1666 et
1214 1601 1453 1666 incerta
1485 1599 1659 1666 fama
1689 1602 1860 1670 inter

212 1712 483 1779 Graecos
545 1710 623 1776 de
678 1735 756 1775 eo
818 1711 938 1778 effe
998 1725 1274 1799 poterat.
1373 1716 1594 1799 Qam
1623 1736 1856 1802 parum

210 1825 393 1891 enim
442 1822 1240 1914 frequentatuerraecis
1303 1840 1364 1888 et
1410 1840 1642 1890 notum
1681 1849 1857 1894 mare

214 1935 635 2031 Tyrrhenum
670 1951 733 2000 et
752 1935 1162 2006 Adriaticum
1198 1935 1471 2006 Homeri
1498 1951 1682 2002 aetate
1713 1936 1858 2005 fue-

213 2055 477 2137 ,ritsvel
526 2075 609 2139 ex
672 2048 971 2141 Odyffeae
1031 2046 1262 2117 fabulis
1312 2049 1658 2139 intelligas,
1708 2076 1859 2144 quae

215 2167 386 2243 intra
413 2165 525 2233 illa
556 2163 1206 2240 mariacontinentur‚
1233 2185 1442 2251 neque
1455 2161 1598 2227 satis
1619 2167 1856 2253 proba-

217 2282 433 2348 biliter
457 2305 495 2345 a
519 2287 710 2371 pofe'ta
733 2278 970 2351 narrari
996 2275 1367 2367 potuiffent,
1415 2277 1532 2342 nifi
1563 2279 1700 2368 ejus
1731 2304 1855 2370 po..

217 2394 553 2488 pularibus
585 2416 812 2483 parum
845 2389 1055 2458 adhuc
1081 2410 1236 2456 nota
1283 2389 1575 2481 adeoque
1626 2390 1858 2461 fabulis

219 2497 463 2592 idonea:
482 2510 813 2602 plagarilla
846 2507 1080 2582 fuiffet,

236 2799 240 2802 .
315 2742 440 2826 IV.
490 2741 584 2808 Ut
638 2740 856 2808 tamen
916 2740 1122 2831 Troja
1199 2735 1412 2804 eversa
1471 2735 1861 2829 discessuque

223 2852 634 2937 Achivorum
665 2854 842 2923 faeto
865 2852 1177 2946 dispersos
1209 2849 1364 2940 fuga
1395 2851 1710 2941 Trojanos
1741 2853 1862 2916 ite-

225 2992 378 3043 rum
419 2969 491 3046 in
537 2994 611 3051 ea
654 2971 809 3045 locavr
842 2965 1205 3038 convenisse
1259 2981 1322 3030 et
1361 2966 1542 3056 regni
1574 2966 1859 3054 aliquam

224 3080 515 3174 speciem<
540 3082 873 3165 restituiffe
903 3083 1266 3157 credamu8‚
1316 3081 1502 3170 plura
1532 3077 1730 3144 fidem
1759 3074 1861 3142 fa-

226 3200 440 3276 ciunt,
490 3213 553 3270 et
592 3223 671 3279 eo
703 3201 918 3292 plures
952 3198 1301 3294 posse'tarum
1348 3193 1738 3285 narrationes
1766 3190 1861 3256 al·-

226 3312 464 3382 ludunt
485 3346 508 3392 3
541 3315 721 3383 ‘illud
752 3330 1011 3388 tantum
1038 3313 1107 3378 in
1138 3310 1382 3385 incerto
1411 3305 1527 3384 est,
1575 3327 1708 3396 quo
1738 3302 1863 3368 du-

212 3450 330 3510 ce,
401 3423 672 3498 ·au6'core
725 3443 833 3500 aut
896 3450 1070 3519 rege,
1140 3423 1363 3496 exules
1417 3417 1856 3488 convenerint.

1724 3523 1861 3594 Alii
