2294 4030
588 299 737 386 Αἰ)
808 298 1268 406 13113JRUM‘
1307 325 1421 386 vr.
1722 324 1838 411 723·

558 479 1399 582 v‘'“yExcURsth'IL

210 618 499 684 Εσεσνῑιπθ
504 620 661 682 ci'rca
700 622 978 717 Avernum
1024 625 1317 701 destrtpti0‚
1336 623 1442 699 seu
1495 620 1844 721 topographia

816 727 940 804 agri
979 725 1220 786 Cumani.

210 854 221 865 ¹
265 848 412 900 ‘Libri
448 843 582 917 hujus
601 851 681 900 vix
701 850 807 900 satis
829 865 992 919 magna
1012 852 1093 899 esse
1116 853 1255 917 potest
1277 852 1490 908 suavitas,
1529 851 1610 900 nifi
1633 852 1838 900 locorum

204 923 561 994 descriptionem
596 925 741 973 oculis
775 925 1016 991 animoque
1039 926 1279 989 subjectam
1317 927 1493 974 habeas.
1562 923 1713 991 Qa'm
1735 942 1842 974 cum

207 995 350 1046 multi
366 998 605 1057 dederint,'
628 1015 773 1064 nuper
793 1007 958 1048 tamen
990 999 1256 1064 diiigentius
1277 1017 1328 1047 ea
1358 1000 1517 1048 litteris
1545 1002 1744 1064 caeloque
1763 1015 1842 1045 ex-

210 1072 351 1136 pressa
371 1074 439 1125 est
445 1091 471 1121 a
491 1074 648 1122 Paullo
669 1077 783 1122 Ant.
830 1075 959 1121 Paoli
987 1075 1046 1121 in
1081 1075 1319 1123 Puteolanis
1340 1077 1515 1144 Antiqq.
1547 1087 1592 1122 et
1614 1074 1843 1123 coloribus

207 1143 366 1194 viv'ide
379 1146 564 1195 reddita
580 1144 638 1194 ab
651 1148 725 1197 111.
751 1147 874 1211 Equ.
897 1148 958 1194 de
966 1147 1237 1196 Hamilton
1225 1164 1273 1194 m
1292 1150 1468 1212 Campis
1485 1149 1549 1195 Pl
1550 1149 1589 1195 l
1568 1156 1724 1215 egraeis
1744 1148 1842 1197 To.

207 1221 252 1275 I,
272 1221 386 1270 tab.
432 1220 584 1268 XVII
621 1222 718 1288 sqq.
787 1224 916 1272 Add.
955 1226 1048 1271 Stor
1030 1228 1095 1270 ria
1127 1222 1240 1270 della
1275 1225 1385 1288 Regi
1383 1243 1452 1271 one
1483 1223 1756 1271 abbrucciata
1795 1230 1841 1272 in

192 1292 469 1366 -Cbmpagna
508 1297 640 1361 filice
673 1297 784 1346 del.
803 1297 974 1346 Caval.
1020 1297 1183 1344 Νιεεοίό
1219 1297 1405 1344 Carletti
1437 1297 1562 1362 Nap.
1616 1301 1753 1363 1787.
1790 1315 1840 1360 4.

179 1377 181 1379 ’
211 1366 339 1416 Nam
362 1369 490 1418 illam
511 1371 908 1435 chorographiam,
929 1389 1029 1437 quae
1053 1371 1101 1418 in
1129 1371 1356 1419 Mazzella
1381 1382 1425 1419 et
1453 1372 1560 1419 hinc
1596 1374 1710 1435 apud
1735 1374 1846 1420 alios

205 1443 508 1508 conspicitur,
545 1443 763 1494 nonnulla
784 1462 942 1512 parum
966 1456 1173 1493 accurate
1192 1445 1411 1493 delineata
1427 1447 1590 1494 habere
1609 1448 1689 1495 usu
1711 1448 1846 1495 facile

208 1515 575 1583 deprehenditur.
644 1520 877 1569 Procurrit
889 1521 1006 1568 inter
1025 1521 1236 1569 Puteolos
1259 1534 1303 1568 et
1326 1522 1494 1568 Cumas
1512 1524 1716 1584 angustus
1737 1539 1846 1586 ager

210 1591 261 1640 in
281 1592 647 1658 promontorium
667 1594 897 1642 Misenum
916 1595 1141 1642 desinens.
1210 1596 1457 1642 Puteolano
1479 1596 1511 1642 s.
1546 1596 1715 1642 Baiano
1733 1597 1846 1645 sinui

137 1672 139 1676 ’
167 1699 172 1714 1
210 1667 420 1716 imminet
442 1670 564 1716 lacus
583 1661 809 1724 Avernus,
832 1668 1034 1730 adeoque
1057 1667 1218 1714 Cumis
1243 1667 1320 1715 ille
1343 1686 1367 1715 a
1385 1682 1510 1732 tergo
1532 1669 1652 1717 fitus.
1690 1670 1845 1720 Facies

210 1740 334 1788 lacus
352 1757 488 1789 nuncv
511 1741 698 1805 quidem
723 1741 823 1789 talis
843 1742 927 1796 est,
967 1753 1018 1787 ut
1043 1740 1340 1787 circumcirca
1360 1742 1474 1788 colle
1495 1742 1652 1789 leviter
1682 1744 1846 1791 acclivi

209 1826 277 1871 ct,
298 1815 459 1880 praeter
479 1827 579 1862 eam
602 1828 796 1880 partem,
835 1832 930 1879 ‘qua
959 1816 1017 1862 ad
1047 1832 1169 1862 mare
1214 1815 1350 1877 (smus
1378 1816 1554 1876 Baiani)
1590 1818 1847 1881 prospectus

212 1888 355 1953 patet,
391 1888 487 1937 fere
504 1901 720 1955 perpetuo
742 1889 969 1937 ambiente
992 1889 1040 1936 in
1064 1890 1221 1936 orbem
1247 1890 1324 1937 ille
1348 1891 1629 1938 rotundetur.
1671 1915 1673 1917 >
1696 1892 1850 1940 Stadi-

213 1977 346 2008 orum
361 1961 563 2026 quinque
577 1964 799 2012 ambitum
816 1963 911 2026 jam
930 1964 1040 2012 olim
1061 1963 1293 2011 Diodorus
1314 1964 1459 2010 edidit
1481 1964 1562 2012 lib.
1584 1965 1677 2020 IV,
1700 1983 1740 2012 c.
1769 1983 1847 2015 22.

215 2036 482 2084 Altitudine
501 2037 562 2085 est
589 2038 656 2085 ad=
681 2029 1051 2085 CCXXXVIH
1082 2050 1127 2084 et
1163 2038 1369 2086 CCLIII
1400 2038 1538 2102 paffus
1585 2041 1850 2100 (secundum

214 2110 492 2160 Mazzellam
514 2112 547 2160 l.
569 2129 611 2160 e.
647 2129 689 2166 c.
725 2129 742 2160 1
754 2118 824 2179 ς),
869 2115 997 2162 aneta
1018 2113 1129 2161 olim
1152 2114 1201 2160 in
1226 2114 1506 2161 immensum.
1531 2115 1627 2163 vid.
1650 2115 1850 2162 Diodor.

115 2202 121 2205 ’
215 2185 250 2234 l.
285 2202 328 2234 e.
362 2187 472 2237 add.
509 2187 699 2238 Aristot.
745 2187 919 2235 Mirab.
966 2188 1131 2235 Audit.
1172 2205 1275 2252 pag.
1307 2205 1395 2253 727
1426 2188 1482 2237 E.
1529 2190 1601 2235 ed.
1642 2190 1703 2236 du
1724 2188 1849 2236 Vall.

207 2261 394 2316 Colles,
428 2261 509 2325 qui
535 2261 761 2317 ambiunt,
795 2261 905 2309 filva
925 2262 1037 2308 olim
1071 2262 1283 2309 inaccess'a
1320 2261 1479 2308 confiti
1515 2275 1640 2309 erant
1661 2262 1718 2309 ad
1740 2279 1850 2309 con-

217 2335 357 2404 valles
370 2337 738 2393 decurrente,'cf.
760 2336 936 2385 Mirab.
954 2337 1100 2383 audit.
1125 2352 1166 2383 e.
1196 2339 1300 2384 108.
1323 2348 1368 2382 et
1389 2336 1439 2383 hi
1454 2337 1554 2384 sunt
1582 2338 1666 2385 luci
1683 2339 1859 2385 Averni

220 2409 359 2472 (V1,1⁴·
383 2414 490 2469 118.
520 2414 638 2472 138.
673 2414 817 2474 201),
851 2411 918 2458 in·
938 2411 1102 2474 quibus
1133 2426 1276 2465 aureae
1297 2411 1472 2458 frondis
1492 2411 1627 2459 arbor
1673 2417 1735 2474 (v.
1765 2417 1848 2474 138

216 2485 329 2550 sqq.
349 2486 498 2547 1·86).-
541 2485 713 2533 Silvam
750 2485 1034 2540 immensam,
1070 2487 1312 2548 Ὀμβςιμὲς
1344 2487 1475 2534 ἄλσος
1505 2486 1670 2535 nidulus
1701 2490 1855 2551 Κόςης,

218 2552 499 2626 Lycophron
523 2566 616 2626 698
640 2579 823 2628 quoque
845 2573 1087 2616 memorat,
1116 2574 1167 2609 vet
1183 2563 1327 2610 multo
1351 2562 1560 2610 disertius
1596 2565 1820 2612 Homerus
1835 2578 1854 2609 ε

218 2637 303 2690 z‘vS’
323 2639 436 2701 ἀκτή
471 2659 518 2685 τε
551 2641 719 2701 λάχεια
742 2639 815 2686 καὶ
836 2639 977 2686 ἄλσεσι
1000 2638 1304 2701 Πεξσεφονειής,
1326 2639 1507 2700 Μακςαί
1524 2641 1568 2684 τ’
1588 2639 1758 2701 αἶἐγειξοι
1782 2637 1858 2685 καῖ

211 2714 334 2763 ’ἰτέαι
370 2714 665 2777 ὠλεσίκαρποι.
733 2714 974 2778 Cupressos
1007 2713 1231 2760 altiffimas
1254 2712 1500 2760 etiamnum
1535 2713 1682 2760 lacum
1707 2713 1853 2759 Aver-

221 2800 334 2836 num
354 2787 590 2852 cingentes
612 2788 895 2836 tristiffimam
921 2789 1026 2839 loco
1048 2787 1211 2834 faciem
1233 2787 1428 2850 adjicere
1463 2787 1635 2834 narrari
1664 2787 1797 2834 video
1826 2803 1854 2835 a

223 2854 443 2910 ichato
479 2865 821 2928 (Oblbrvations
841 2868 928 2926 sur
945 2863 983 2912 le
1007 2866 1293 2912 Commerce÷et
1309 2866 1395 2925 sur
1411 2862 1468 2910 les
1488 2865 1593 2911 Arls
1630 2864 1696 2911 T.
1730 2864 1774 2919 I,
1805 2881 1855 2928 p.

227 2950 248 2991 1
263 2953 278 2984 ι
295 2942 359 3004 ι),
382 2940 467 2986 etsi
482 2939 539 2988 ab
562 2938 688 2986 Italis
710 2939 825 2985 nihil
845 2939 935 2988 tale
952 2938 1086 3004 prodi
1099 2938 1300 2991 memini.
1366 2939 1435 2986 Ita
1451 2949 1599 2985 tamen
1622 2937 1856 2986 Petronius

119 3041 121 3043 >
166 3043 170 3047 >
217 3020 394 3062 naturae
416 3015 651 3063 veritatem
673 3015 915 3105 expreffiss'e
927 3014 1070 3063 videri
1091 3014 1247 3069 debet,
1273 3012 1354 3076 qui
1371 3012 1627 3077 saxaftrali
1637 3021 1855 3060 circumtu-

223 3088 389 3136 mulata
407 3092 588 3154 cupreffic
610 3100 777 3136 narrat.
836 3089 969 3136 Sacer
989 3100 1138 3136 autem
1159 3089 1287 3137 lucus
1301 3086 1377 3134 ille
1391 3087 1567 3135 Hecate
1588 3089 1651 3146 (v.
1680 3103 1697 3133 1
1708 3091 1754 3148 3)
1778 3084 1854 3134 seu

217 3162 523 3227 Proserpinae,
537 3177 587 3211 ut
603 3164 832 3212 Homerus
845 3163 949 3214 ait:-
969 3162 1237 3211 Promiscue
1246 3161 1368 3209 enim
1384 3162 1431 3208 in
1446 3161 1575 3209 rebus
1590 3160 1744 3207 inferis
1761 3160 1857 3208 He-

158 3240 160 3243 ’
208 3239 345 3292 fcatej
369 3238 658 3303 Proserpina,·
690 3238 861 3295 Diana,
905 3239 1034 3285 Luna
1056 3236 1283 3284 nominari
1307 3235 1434 3282 solet.
1504 3233 1775 3298 Proserpinae
1790 3234 1858 3281 sa-

157 3315 160 3319 ’
210 3324 348 3369 'cram
370 3312 582 3378 paludem
603 3313 835 3359 Avernam
860 3307 1152 3375 videas-'apud
1176 3309 1392 3357 Diodor-
1410 3308 1504 3363 IV,
1529 3324 1608 3363 22,
1631 3320 1677 3355 et
1698 3306 1858 3370 templi

209 3385 414 3442 ‘Hecura
432 3385 583 3433 ruinas
595 3386 683 3432 effe
705 3376 796 3441 eas,
810 3385 1080 3449 quasvulgo
1102 3381 1334 3447 >Apollinis
1357 3381 1504 3438 aiunt,
1537 3381 1858 3435 adAvernum

225 3456 396 3512 lacum,
436 3475 530 3506 non
570 3459 689 3525 male
724 3459 947 3521 conjeciat
988 3458 1148 3505 Paolus
1178 3455 1261 3503 fol.
1308 3453 1549 3514 XXVIII.
1615 3454 1706 3503 Sed
1740 3453 1860 3505 filvae

155 3533 165 3546 ⁸
204 3531 315 3592 'istae
345 3531 569 3583 inclusum
605 3532 724 3582 a'eris
746 3535 896 3585 lacum
932 3531 1179 3597 pestilentia
1213 3527 1491 3588 infecerant3
1535 3528 1615 3582 etfi
1656 3527 1737 3593 ipsi
1781 3544 1861 3575 an-

1790 3611 1863 3648 tro
