2294 4030
490 376 608 440 292
891 338 1546 409 EXC'URSUS
1627 335 1687 405 V

485 533 557 566 zae
587 513 952 565 Antehomericis
981 531 1028 563 v.
1073 531 1091 563 1
1106 528 1166 577 14
1182 513 1304 578 sqq„
1335 511 1386 560 in
1407 511 1588 577 -quibus
1613 512 1772 565 eadem
1793 514 1933 564 verba
1952 515 2012 564 fic
2035 514 2142 566 reda

487 592 591 639 dita
607 592 706 641 sunt
724 607 736 638 :
772 596 919 655 Χαΐξε,
941 589 1317 653 Ἀλῆὃειαιμυδςὴ
1337 586 1647 652 πςόὲανες“«γιὶς
1665 591 1791 655 ἐμοῖο.
1839 590 1966 640 'Hoc
1989 591 2141 656 fingu-

487 664 573 712 lari
611 665 663 713 in
698 664 984 713 Palamedem
1017 663 1170 711 studio
1204 673 1361 726 captos
1391 660 1544 709 videre
1564 659 1833 712 licet‘etiam
1855 664 2142 721 Grammati-

487 755 596 788 cosz
630 741 897 805 finguntque
933 739 971 787 ii
1002 738 1117 787 adeo
1153 736 1440 785 Palamedem
1475 741 1662 801 poetam
1697 735 1847 795 fuifl'e,
1882 737 2012 802 cujus
2034 738 2140 786 Ho-

489 829 640 861 merus
675 814 846 861 nullam
883 812 1160 860 mentionem
1193 810 1347 859 fecifl'e
1385 810 1559 859 dicitur
1595 809 1772 860 invidia
1807 813 2067 860 contaetus:
2091 825 2141 860 v.

491 887 626 936 Suid.
649 889 698 937 h.
721 906 767 936 v.
835 887 940 950 Jam
963 885 1137 948 Dietyn
1167 883 1237 942 II,
1275 901 1331 951 ις
1353 897 1398 933 et
1421 885 1639 933 Daretem
1659 903 1703 935 c.
1743 901 1801 950 19
1820 885 1942 951 sqq„
1976 884 2143 951 suppo-

490 961 653 1010 fititios
673 963 891 1016 austere&
923 974 1280 1008 commemorare
1301 958 1420 1006 nihil
1439 957 1620 1015 attinet,
1653 975 1847 1023 quorum
1878 959 1958 1009 ille
1991 959 2145 1007 rheto-

491 1036 589 1084 rice
620 1036 853 1084 historiam
873 1034 1232 1083 commentitiam
1253 1032 1535 1098 conscripfit,
1567 1033 1648 1082 hic
1669 1034 1992 1084 declamatorie
2017 1034 2142 1083 idem

489 1123 805 1176 argumentum
825 1109 1113 1175 persequutus
1131 1109 1207 1156 est.
1275 1107 1418 1156 Poeta
1450 1106 1612 1163 noster,
1645 1124 1705 1155 an
1721 1108 1887 1158 veteris
1912 1108 2145 1174 scriptoris

490 1186 721 1249 exemplo,
743 1183 913 1239 nescio,
938 1181 1189 1230 Palamedis
1208 1181 1392 1228 nomine
1412 1183 1628 1245 praeclare
1648 1181 1753 1230 usus
1783 1184 1846 1232 est
1866 1182 1926 1242 ad
1946 1181 2144 1232 auctori

489 1270 629 1307 tatem
667 1257 851 1308 Sinonis
877 1255 1015 1304 dietis
1051 1255 1423 1319 comparandam,
1457 1255 1678 1319 fiquidem
1715 1255 1788 1305 illi
1816 1257 1972 1345 Sinon
1993 1272 2147 1305 comes

488 1332 581 1380 fuit
600 1343 646 1380 et
666 1329 1039 1395 consanguineus.
1108 1328 1251 1393 Qlod
1272 1339 1443 1385 autem,
1481 1349 1582 1394 quta
1605 1328 1718 1378 bella
1736 1306 1938 1388 vetabat,
1970 1331 2148 1380 occisus

489 1405 550 1453 ab
573 1405 764 1453 Achivis
771 1415 1007 1462 narratur,
1029 1403 1202 1450 recedit
1215 1418 1243 1448 a
1260 1402 1438 1468 vulgari
1458 1403 1736 1461 narratione,
1757 1423 1846 1471 qua
1867 1405 2148 1472 proditionis

492 1480 784 1543 arguebatur,
803 1479 970 1527 litteris
987 1478 1045 1525 ab
1067 1476 1226 1540 Ulyffe
1248 1492 1328 1540 per
1343 1477 1551 1526 fraudem
1569 1479 1803 1533 submiflis.

556 1556 615 1602 In
639 1554 889 1602 Palamedis
919 1555 1149 1601 stemmate
1171 1551 1325 1600 turbas
1346 1552 1494 1600 facere
1510 1554 1606 1616 jam
1626 1564 1812 1605 veteres„
1833 1573 1882 1605 v.
1904 1555 2061 1604 Burm.
2096 1554 2150 1605 in

489 1632 754 1696 Argonaut.
769 1647 873 1678 voe.
897 1628 1124 1692 Nauplius.
1145 1639 1192 1675 et
1211 1627 1329 1675 Not.
1352 1629 1412 1675 ad
1434 1627 1658 1693 Apollod.
1690 1647 1739 1694 p.
1762 1646 1858 1696 274
1878 1630 1944 1695 sq.
1950 1667 1967 1689 ,
1986 1642 2032 1679 et
2052 1630 2148 1695 ipse

492 1704 633 1752 Maro
666 1704 714 1752 in
736 1720 791 1752 eo
813 1703 960 1767 lapsus
981 1703 1061 1758 est,
1083 1718 1187 1750 cum
1207 1700 1391 1750 Belidem
1413 1717 1516 1749 eum
1537 1703 1748 1767 appellat.
1814 1705 1943 1754 Nam
1963 1705 2000 1754 is
2019 1704 2149 1752 Pala-

496 1780 668 1835 medes,
706 1780 766 1827 de
796 1794 890 1843 quo
925 1776 1042 1842 agit,
1077 1774 1275 1840 Nauplii
1296 1775 1494 1823 Euboici
1517 1792 1544 1823 e
1566 1777 1810 1840 Clymene,
1854 1778 2012 1827 Catrei
2032 1778 2148 1836 filia,

492 1867 589 1904 erat
619 1854 766 1902 filius:
804 1870 1000 1917 cumque
1034 1865 1175 1901 mater
1202 1852 1306 1899 effet
1334 1851 1461 1901 soror
1498 1853 1708 1918 Aeropes
1737 1855 1955 1904 Plistheni
1975 1866 2149 1920 nuptae‚

493 1948 595 1997 quae
634 1931 1026 1995 Agamemnonem
1066 1940 1112 1976 et
1144 1927 1406 1976 Menelaum
1439 1939 1573 1992 partu
1603 1929 1829 1987 ediderat,
1863 1929 2052 1979 Atridas
2069 1929 2150 1979 ille

491 2017 697 2053 materno
731 2020 895 2068 genere
936 2002 1204 2067 attingebat.
1273 2001 1492 2049 Diversus
1529 2001 1620 2049 fuit
1657 2002 1903 2070 Nauplius,
1954 2003 2038 2069 qui
2086 2004 2149 2051 ad
2186 2048 2189 2054 A
2260 2007 2271 2034 Υ

492 2079 692 2143 Argivas
705 2079 880 2126 fabulas
902 2077 1087 2142 spestat,
1120 2074 1331 2140 Neptuni
1353 2087 1398 2122 et
1419 2074 1698 2139 Amymones
1721 2078 1868 2126 filius:
1904 2094 2008 2143 quae
2038 2093 2147 2126 cum

493 2153 648 2201 Danai
679 2154 782 2201 effet
814 2153 927 2209 filia,
962 2152 1151 2216 Belique
1168 2152 1284 2198 adeo
1307 2149 1473 2214 neptiS‚
1505 2151 1716 2199 haetenus
1752 2152 2027 2209 Palameden,
2047 2167 2152 2216 per-

492 2244 647 2293 peram
687 2227 745 2276 ab
773 2243 829 2274 eo
864 2228 1042 2284 ductus,
1075 2226 1240 2273 Belides
1275 2217 1421 2272 dietus
1454 2226 1531 2275 est.
1559 2262 1565 2267 .
1597 2225 1803 2290 Septimo
1823 2228 1970 2292 gradu
1988 2243 2017 2274 a
2036 2226 2150 2275 Belo

484 2303 722 2368 ‘originem
743 2303 917 2350 trahere
937 2301 1048 2349 falso
1073 2300 1248 2348 dicitur
1268 2317 1295 2347 a
1317 2300 1505 2347 Lutatio
1533 2300 1592 2348 ad
1627 2299 1764 2348 Statii
1785 2301 1964 2349 Achill.
2003 2301 2049 2359 I,
2081 2316 2149 2365 94

492 2390 539 2428 et
562 2394 588 2424 a
610 2376 770 2425 Servio
793 2377 852 2423 ad
874 2374 1262 2433 h.1.AEn.11,8
1276 2390 1319 2430 1,
1355 2374 1436 2422 ubi
1457 2373 1705 2440 Apollonio
1727 2375 1909 2425 auctore
1930 2376 1983 2426 id
2003 2376 2150 2425 tradi-
2194 2391 2196 2394 ·
2267 2366 2269 2371 ’

491 2467 585 2503 tur·

964 2602 1006 2650 E
1040 2603 1086 2650 X
1120 2603 1163 2651 C
1199 2602 1249 2650 U
1281 2604 1326 2651 R
1360 2603 1390 2650 S
1424 2604 1473 2653 U
1506 2603 1537 2651 S
1601 2602 1671 2655 V.

1089 2700 1184 2759 De
1228 2700 1532 2761 Laocoonte.

559 2824 628 2883 II,
667 2840 774 2891 199.
808 2824 892 2873 Hic
925 2823 1053 2872 aliud
1079 2827 1217 2891 mqjus
1252 2830 1406 2890 mfiris
1435 2825 1638 2893 multoque
1652 2829 1912 2893 ⁴tremendum
1935 2827 2154 2895 Objicitur

494 2908 631 2966 magis
656 2905 782 2966 atque
820 2902 1059 2964 improvida
1087 2909 1259 2964 pociora
1293 2901 1441 2949 turbat
1455 2918 1474 2949 .·
1510 2903 1708 2952 Laocoon.
1773 2902 1990 2969 Sequitur
2025 2900 2156 2968 apud*

495 2982 678 3040 poetam
699 2977 826 3024 loeus
837 2976 907 3024 vel
932 2977 1112 3040 nuperis
1132 2975 1337 3025 virorum
1354 2977 1593 3026 dostorum
1613 2979 1995 3045 disputationibus
2016 2978 2149 3028 nobi-

495 3051 697 3108 liffimus‚
728 3064 774 3099 et
807 3067 834 3099 a
860 3049 1069 3116 Virgilio
1099 3051 1273 3100 summa
1308 3069 1413 3101 cum
1445 3064 1544 3101 arte
1574 3057 1808 3112 trafiatus3
1823 3055 1972 3120 super
1990 3070 2082 3119 quo
2101 3065 2151 3110 et

497 3125 630 3174 nobis
652 3126 788 3174 liceat
809 3125 976 3190 partim
1000 3126 1059 3173 de
1076 3131 1223 3190 po'etae
1250 3126 1468 3185 inventiS,
1504 3139 1584 3176 aut
1604 3129 1725 3177 unde
1745 3113 1826 3177 ille
1845 3128 2149 3177 narrationem

495 3199 679 3263 ejusque
712 3211 973 3247 ornamenta
1005 3200 1247 3265 acceperit,
1279 3200 1447 3265 partim
1482 3201 1540 3249 de
1574 3201 1803 3250 Vaticano
1833 3202 1990 3251 fimilis
2011 3217 2170 3266 argu--

497 3273 642 3321 menti
663 3274 790 3340 figno
812 3281 1024 3338 quaerere,
1055 3290 1164 3322 num
1181 3273 1224 3321 ei
1248 3273 1494 3338 quicquam
1517 3291 1622 3324 cum
1653 3281 1790 3341 poe'ta
1812 3291 2054 3324 commune
2075 3275 2152 3323 fit.

501 3347 590 3395 Sed
614 3348 673 3395 ad
690 3359 927 3412 utramque
944 3348 1233 3412 quaestionem
1250 3348 1352 3396 satis
1373 3349 1586 3413 expedita
1600 3348 1698 3398 fore
1713 3348 1894 3398 videtur
1909 3347 2153 3414 responfio,

501 3423 535 3471 fi
568 3421 835 3477 viderimus,
868 3422 949 3487 qui
979 3422 1061 3472 alii
1079 3427 1226 3490 poetae
1245 3435 1414 3473 veteres
1432 3422 1635 3472 fabulam
1666 3423 1726 3473 de
1748 3422 2012 3474 Laocoonte
2030 3434 2151 3472 trac-

499 3490 660 3555 tarint,
680 3507 725 3544 et
742 3495 960 3548 ornarint.

2079 3563 2294 3626 Et..
