2372 4030
537 325 1106 412 ‘AENEmos
1168 334 1360 400 Lm.
1401 333 1466 402 1.
1710 346 1822 422 ης

198 503 296 575 Fit
322 509 601 593 strepitus!
623 510 812 583 tediis,
830 518 835 521 “
852 527 1182 588 vocemque
1209 527 1316 588 per
1333 507 1535 588 ampla
1559 508 1828 571 volutant

193 626 401 688 Atria:
441 620 788 707 dependent
801 624 1004 704 lychni
1031 623 1400 704 laquearibus
1428 624 1612 684 aureis
1709 627 1826 706 726

248 802 341 843 725.
356 793 563 848 Itstrepz’tus
577 794 676 832 tems
695 789 803 831 Gud.
823 803 846 830 a
865 803 921 830 m.
939 803 1001 844 pr.
1015 803 1077 844 pr.
1099 791 1145 829 M
1147 802 1262 843 enag.
1275 789 1465 830 Rottend.
1488 798 1580 830 tert.
1596 791 1711 831 Leid.
1731 805 1754 831 a
1768 805 1830 844 m⁶

191 852 421 909 rec.‚·quod
438 855 541 896 etin
560 854 688 895 Servii
706 854 842 894 codice
872 853 965 902 fuit,
991 866 1065 893 nec
1098 854 1331 892 Burmanno
1363 853 1553 906 displicet.
1609 856 1714 895 Mihi
1743 859 1832 910 qui-

193 920 290 960 dem
307 919 430 959 nimis
446 919 489 959 in
508 919 637 972 majus
654 931 742 959 rem
774 917 879 957 ferre
907 917 1082 964 videtur,
1108 929 1200 955 cum
1232 916 1281 956 de
1313 916 1491 970 strepitu,
1514 917 1759 959 sermonibus
1790 930 1833 962 et

193 983 436 1026 elamoribus
452 983 560 1024 inter
576 983 672 1023 vina
690 991 844 1035 agatur.
903 980 1134 1034 Scythicum
1154 979 1273 1029 foret,
1297 981 1327 1020 fi
1342 983 1508 1037 strepitus
1533 982 1583 1021 ad
1600 987 1689 1022 tedia
1716 987 1759 1033 it,
1784 995 1832 1026 ue

189 1050 321 1088 elamor
332 1049 406 1086 coelo
424 1051 465 1086 it.
522 1046 656 1087 Aliter
674 1046 779 1085 infra
798 1047 868 1093 1v,
883 1044 979 1084 666.
1035 1044 1206 1084 Didonis
1223 1055 1353 1084 morte
1373 1046 1558 1099 cognita:
1587 1048 1627 1085 It
1643 1049 1770 1087 clamor
1787 1053 1837 1089 ad

191 1116 270 1152 alta
282 1114 405 1151 Atria.
442 1114 597 1164 vocisque
615 1111 750 1164 Bigot.
767 1110 869 1150 alter
889 1110 1083 1149 Rottend.
1103 1123 1195 1149 cum
1214 1110 1343 1150 Schol.
1361 1111 1512 1165 Cruqu.
1526 1112 1576 1152 ad
1595 1114 1737 1155 Horat.
1761 1115 1833 1163 ΙΙΙ,

186 1176 260 1216 αἱ.
283 1185 348 1228 19.
397 1176 588 1228 perampla
618 1187 699 1214 una
731 1186 828 1212 voce
868 1172 1053 1212 nonnulli
1084 1173 1258 1212 Pieriani
1278 1186 1370 1213 cum
1393 1187 1453 1226 pr.
1476 1178 1621 1216 Moret.
1670 1186 1738 1229 per
1756 1180 1834 1216 alta

190 1238 380 1292 Longob.
418 1251 511 1278 curn
543 1237 630 1277 aliis
662 1236 868 1283 Pierianis,
897 1237 997 1275 item
1018 1235 1181 1275 Zulich.
1213 1250 1261 1275 ex
1278 1236 1350 1276 lib.
1369 1239 1441 1284 IV,
1474 1237 1525 1277 66
1527 1250 1569 1287 5,
1601 1239 1840 1279 observanto

194 1305 443 1345 Burmanno.
557 1302 651 1353 726.
673 1304 820 1355 lychyni,
838 1303 969 1348 lit-hini,
990 1301 1258 1341 aberrationes
1269 1316 1337 1354 ap.
1365 1304 1502 1342 Burm.
1539 1304 1732 1344 Praeclare
1745 1308 1836 1346 Ser-

194 1369 340 1408 viana:
371 1369 514 1406 Graeco
533 1366 713 1406 sermone
724 1366 815 1405 usus
833 1365 900 1413 est,
931 1378 980 1404 ne
995 1364 1072 1404 vile
1091 1365 1241 1417 aliquid
1256 1365 1511 1414 introferret3
1539 1378 1632 1406 nam
1651 1367 1836 1408 offendit?-

99 1892 105 1897 χ
187 1848 303 1896 470,
327 1849 439 1896 471·

193 1434 253 1475 set
270 1434 424 1472 lucerna.
475 1430 673 1468 lacuaribus
703 1429 754 1469 ab
787 1428 876 1468 aliis
903 1429 1097 1481 scriptum
1130 1428 1258 1477 fuisse,
1287 1429 1436 1474 ibidem
1463 1429 1666 1471 monitum
1688 1432 1834 1473 videat

189 1496 404 1552 laquearibus
416 1496 499 1534 altis
518 1507 622 1534 unus
641 1492 888 1547 Guelpherb.
909 1492 952 1532 in
973 1492 1121 1532 Collat.
1134 1493 1249 1533 Cort-

186 1643 402 1702 κξητῆςας
466 1637 728 1694 ἔσκε-ἕψοιντο
816 1640 974 1693 ποτοῖο,

188 1707 403 1762 ,Νώμησαν
425 1702 461 1748 δ’
482 1705 571 1765 ἄξω
589 1709 699 1749 πᾶσι
718 1703 861 1765 (quod
872 1701 973 1764 qui·

190 1767 296 1814 dem
316 1768 393 1816 hic
415 1766 543 1823 aliter
558 1784 603 1815 v.
627 1770 738 1831 729)
763 1766 896 1813 Iliad.
921 1788 973 1819 α,

504 1832 637 1878 Alter
656 1830 800 1878 versus
836 1829 973 1877 etiam

187 1896 303 2008 §fibi
317 1895 532 1960 repetitur
549 1908 597 1942 ut
612 1894 770 1955 Odyff.
792 1918 838 1942 α.
866 1910 972 1957 149.

357 1995 369 2007 .
434 1958 690 2007 Meminiffe
710 1971 858 2006 autem
895 1974 972 2005 ne-

187 1976 378 2085 ceii‘3e32st
413 2039 470 2070 ex
501 2023 727 2079 Homero,
760 2022 890 2070 statui
914 2022 972 2069 ad

185 2104 368 2137 coenam
403 2088 572 2150 majora
610 2086 730 2142 vasa,
762 2100 972 2141 crateras,

188 2164 236 2200 et
289 2152 544 2200 minoribus
596 2151 771 2214 poculis
815 2168 873 2198 ex
915 2150 972 2198 iis

187 2217 339 2265 hausta
355 2217 462 2266 vina
497 2213 707 2263 distribui
739 2215 860 2263 inter
888 2215 971 2262 fin-

188 2283 320 2346 gulos
357 2279 589 2336 convivas,
631 2280 752 2343 apud
794 2280 971 2328 Home-

189 2362 292 2393 rum
314 2346 500 2409 quidem
533 2360 612 2408 per
630 2357 882 2408 praeconem
911 2344 970 2391 ad

189 2410 388 2474 singulos
419 2409 631 2458 convivas
664 2408 970 2464 accedentem,

187 2493 280 2523 v.e.
299 2474 457 2536 Odyff.
479 2471 595 2529 &jin
606 2472 795 2520 Alcinoi
814 2474 974 2531 convi-

188 2539 284 2595 vio,
337 2539 461 2602 quod
506 2536 732 2601 Virgilius
764 2536 970 2611 respexit.

189 2602 414 2651 Sedebant
443 2601 567 2651 enim
597 2600 803 2650 convivae
833 2617 884 2648 m
903 2602 972 2648 so-

187 2665 265 2717 liis
303 2667 523 2730 parietem
554 2665 875 2721 ambientibus,
925 2679 972 2712 et

191 2731 438 2795 unicuique
478 2729 783 2794 apponebatur
823 2730 972 2778 mensa

185 2813 295 2846 cum
316 2795 439 2843 cibo.
504 2795 609 2857 Jam
634 2802 746 2842 vina
760 2807 971 2844 coronant:

187 2877 283 2925 quo
304 2858 430 2908 sensu
454 2860 635 2907 >dictum
676 2875 704 2904 a
739 2865 879 2922 poeta
898 2859 972 2915 fit,

190 2924 272 2972 vix
294 2923 399 2972 satis
419 2923 598 2974 definiri
618 2924 774 2987 potest.
843 2923 892 2971 Si
912 2923 972 2970 ad

189 2987 570 3052 Homerijocum,
581 2988 698 3035 unde
712 2987 882 3052 reliqua
896 2989 975 3034 ad-

185 3053 398 3101 umbrata
416 3051 536 3107 sunt,
553 3050 881 3114 respiciendum
893 3053 972 3107 est,

190 3130 254 3173 et,
300 3116 333 3164 fi
363 3123 569 3180 κςητῆςας
603 3117 866 3174 ἔπεςὲψαντο
896 3138 972 3166 πο-

189 3188 276 3231 τοῖο
294 3182 544 3246 express'um
563 3182 649 3228 est:
685 3181 816 3228 aliter
837 3197 972 3247 quam

185 3247 250 3294 de
269 3244 469 3310 impletis
489 3246 624 3309 usque
650 3244 706 3292 ad
729 3261 810 3293 ora
829 3263 972 3310 pocu—

135 3324 141 3331 ·
189 3309 457 3374 lisintelligi
477 3309 655 3384 nequit.
680 3314 744 3370 (et
763 3309 824 3357 fic
840 3310 974 3357 Pom-

185 3374 356 3440 ponius
375 3388 422 3421 et
438 3373 648 3429 Sei-vnis,
668 3372 750 3446 qui
764 3386 911 3422 tamen
930 3385 976 3422 et

186 3439 378 3487 alteram
430 3437 845 3502 interpretationem
899 3438 981 3484 ha-

194 3501 326 3562 beo..
380 3501 456 3549 Sic
472 3514 517 3549 et
536 3501 670 3550 Iliad.
694 3499 749 3558 8,
762 3516 879 3566 232,
899 3501 982 3549 ubi

191 3563 254 3615 de
273 3564 404 3632 copia
425 3565 523 3618 cibi
544 3565 763 3634 potusque
787 3581 799 3616 z
857 3568 982 3618 πίνον-

1053 1653 1124 1683 τες
1140 1642 1347 1700 κξητῆξοις
1360 1638 1575 1696 ἔπιςεφέοις
1593 1635 1716 1685 οἷνωο.
1766 1638 1835 1687 Α·

1055 1701 1118 1748 lia
1140 1701 1371 1749 brevitatis
1398 1701 1542 1747 studio
1565 1702 1834 1751 omittimus-

1058 1769 1171 1814 Vina
1191 1779 1287 1813 tum
1309 1766 1430 1813 dicta
1451 1765 1550 1812 sunt
1570 1781 1651 1829 pro
1661 1770 1836 1831 poculis,

1055 1847 1247 1893 quorum
1279 1846 1404 1876 oram
1438 1829 1599 1885 ambit,
1630 1844 1835 1888 coronat,

1057 1899 1185 1956 ςέφει,
1218 1894 1374 1942 Vinum
1394 1893 1609 1941 infusum.
1676 1896 1835 1943 Altera

1055 1959 1365 2023 interpretatio
1384 1958 1443 2004 est
1467 1957 1613 2004 minus
1628 1961 1835 2007 recondi-

1055 2034 1120 2079 ta,
1143 2036 1192 2069 ut
1209 2034 1421 2070 coronata
1443 2022 1525 2067 fint
1544 2025 1724 2085 pocula,
1748 2023 1835 2071 ser-

1055 2088 1115 2134 tis
1145 2087 1378 2151 impositis.
1445 2086 1518 2132 De
1549 2087 1732 2134 corollis
1763 2089 1836 2136 his

1052 2152 1254 2216 cogitare
1291 2149 1466 2197 heroici
1502 2151 1716 2213 temporis
1738 2169 1838 2201 moe

1055 2216 1157 2263 sane
1177 2231 1268 2263 non
1290 2215 1479 2278 patitur,
1512 2213 1574 2261 cf.
1600 2215 1768 2262 Athen.
1791 2217 1834 2273 Ι,

1059 2297 1077 2329 1
1091 2297 1133 2344 ς.
1187 2281 1259 2326 De
1280 2278 1484 2342 sequiore
1503 2293 1607 2324 vero
1629 2295 1722 2326 aevo
1744 2297 1839 2330 non

1054 2343 1308 2398 dubitatur,
1342 2357 1391 2389 ut
1429 2342 1607 2406 Georg.
1636 2342 1708 2399 II,
1742 2352 1835 2409 528

1039 2413 1146 2471 ficii
1179 2423 1349 2456 cratera
1385 2421 1590 2455 coronant.
1660 2408 1769 2456 Hoc
1804 2412 1837 2459 fi

1056 2487 1273 2528 tenemus,
1342 2471 1603 2526 dicendum,
1652 2479 1836 2534 poetam

1057 2537 1253 2585 maluiffe
1270 2537 1294 2582 s
1290 2536 1335 2583 ui
1355 2537 1569 2607 temporis
1584 2552 1751 2583 morem
1766 2539 1837 2585 in—

1055 2601 1188 2654 ferre,
1213 2617 1348 2665 quam
1371 2614 1605 2664 antiquum
1629 2600 1836 2660 retinere}

1057 2666 1180 2729 quod
1224 2666 1344 2712 idem
1382 2664 1604 2711 commisit
1635 2664 1717 2711 inf.
1749 2666 1835 2714 lib.

1056 2729 1147 2785 ΠΙ,
1196 2745 1285 2795 525
1343 2726 1452 2776 Tum
1480 2743 1611 2792 pater
1645 2729 1837 2793 Anchg'li’s

1057 2814 1252 2860 magnum
1285 2807 1451 2840 cratera
1509 2812 1652 2840 corona
1693 2793 1838 2841 Induit

1056 2860 1320 2922 implevitque
1355 2876 1474 2905 mero.
1530 2855 1590 2903 cf.
1615 2856 1836 2921 Hotting.

1049 2921 1122 2969 ·V.
1147 2923 1206 2969 C.
1229 2920 1350 2968 Mus.
1373 2921 1537 2968 Turic.
1560 2920 1622 2967 T.
1643 2920 1683 2965 1.

1122 3002 1181 3051 72
1188 3003 1230 3050 ς.
1255 2986 1531 3047 Comparant
1546 2983 1689 3030 illud:
1725 2993 1837 3035 Μνη-

1058 3057 1172 3112 ςῆςες
1216 3050 1252 3096 δ’
1289 3051 1515 3106 ὁμάδησαν
1544 3049 1624 3096 ἀνοὶ
1663 3053 1852 3114 μέγαξοικ

1055 3119 1266 3168 σκιόεντα)
1300 3114 1456 3175 Odyff.
1480 3115 1643 3186 “⁵365
1661 3125 1706 3159 et
1722 3114 1837 3163 alibi

1057 3196 1104 3227 re
1135 3180 1310 3226 etitum.
1387 3177 1649 3226 Lestissimis
1689 3178 1840 3225 verbis

1060 3198 1160 3293 utils,
1179 3256 1223 3290 et
1244 3242 1407 3297 noster,
1438 3240 1643 3308 inprimis
1676 3240 1727 3288 in
1757 3261 1836 3290 vo-

1057 3308 1212 3356 lutant.
1553 3343 1557 3346 -
1752 3315 1756 3319 ’

1105 3374 1217 3435 -726
1256 3369 1322 3434 sq.
1406 3367 1735 3430 Continuatum
1785 3367 1837 3416 in

1059 3435 1253 3483 multam
1274 3433 1450 3481 nostem
1467 3449 1643 3480 coenarn
1661 3431 1838 3479 indica·-

1059 3515 1108 3546 re
1130 3500 1226 3545 vult
1259 3503 1412 3561 poeta.
1483 3495 1645 3544 Verbis
1680 3493 1839 3544 fimili-

1059 3563 1144 3614 bus
1164 3561 1305 3612 utitur
1327 3559 1496 3619 Statius
1515 3559 1707 3612 ITheb.
1726 3569 1838 3623 520·-

1674 3638 1765 3696 521
1792 3634 1839 3672 et
