2294 4030
495 273 614 340 286
923 271 1558 343 EXCURSUS
1624 278 1726 345 111

489 439 652 493 condit,
683 434 733 486 h.
771 451 820 486 e.
866 436 1045 503 mergit
1089 438 1210 489 mari
1263 437 1532 494 occidentia
1569 414 1655 500 sub
1696 443 1855 495 Solem
1890 443 2139 497 orientem.

490 510 914 562 Omniumdnarum
945 512 1168 578 loquendi
1185 513 1442 565 formarum
1478 515 1644 590 primae
1672 516 1806 571 lineae
1823 534 2072 583 occurrunt
2091 521 2142 572 in

490 584 726 644 Homero,
761 584 892 641 ficuti
913 584 1057 638 etiam
1078 583 1433 656 εαᾶεητὶαβιίὲνα
1455 591 1504 640 h.
1528 591 1562 641 1.
1579 603 1633 640 et
1647 591 1732 643 inf.
1759 593 1855 651 IV,
1876 598 1956 647 81.
1988 595 2140 651 VIII,

494 676 587 754 59ε
621 671 671 709 et
695 663 1165 727 procedentiastdera:
1202 662 1340 712 Iliad.
1363 688 1410 720 κ,
1442 680 1558 732 251.
1585 682 1679 732 252
1705 669 1835 717 ”Αλλ
1868 669 1990 734 ἴομεν·
2010 672 2142 730 μάλα

490 758 580 803 «χαις
613 738 681 796 vv}
725 739 891 794 ἄνεται,
930 738 1082 800 ἐγγύθι
1118 739 1157 788 δ’
1189 742 1284 796 ems,
1311 741 1468 805 ”Arga
1496 741 1536 792 δὲ
1577 741 1625 796 δῆ
1662 747 1909 809 πςοβέβηιιε.
1997 746 2140 797 Αᾶἀο

491 813 656 881 Odyff.
677 837 734 875 μ,
754 830 866 880 3¹2·
906 817 952 875 ξ,
970 818 1087 881 483.
1142 815 1332 867 Hefiod.
1353 819 1413 867 E.
1436 806 1553 869 620.

928 913 1512 967 EXCURSUS
1580 918 1680 969 III.

1023 991 1119 1054 De
1156 1013 1282 1072 equo
1326 995 1570 1075 Trojano·

550 1091 623 1148 Π,
652 1108 670 1142 1
682 1109 727 1159 ς.
755 1091 828 1142 16.
865 1092 944 1142 De
966 1093 1086 1158 Equo
1109 1093 1301 1165 Trqjano
1322 1097 1579 1163 epi-sodium
1602 1115 1662 1148 ex
1695 1098 1918 1150 Pisandro
1938 1099 2139 1166 petitum

487 1167 596 1223 effe,
621 1166 735 1218 falso
757 1185 786 1216 a
815 1169 1069 1218 Macrobio
1091 1170 1335 1228 traditum,
1358 1172 1495 1238 supra
1525 1173 1869 1224 declaravimus
1892 1174 2086 1224 Excurs.
2113 1178 2137 1224 I

488 1246 549 1295 ad
587 1246 711 1295 hunc
742 1243 931 1295 librum.
966 1245 1223 1296 Videamus
1245 1248 1412 1313 igitur,
1431 1267 1490 1300 an
1523 1251 1760 1316 probabili
1782 1252 1938 1321 aliqua
1960 1251 2142 1302 ratione

486 1322 700 1387 expediri
721 1322 870 1388 poffit,
894 1339 1036 1387 quem
1057 1323 1199 1373 alium
1223 1326 1458 1375 austorem
1481 1328 1699 1394 sequutus
1721 1328 1775 1377 fit
1796 1331 1957 1392 poeta.

553 1400 791 1449 Homerus
821 1398 922 1462 jam
954 1398 1091 1448 Iliad.
1114 1423 1154 1457 o,
1185 1416 1244 1467 71
1281 1403 1565 1454 mentionem
1600 1404 1668 1453 rei
1698 1404 1937 1454 obscuram
1960 1404 2140 1470 injece-

489 1487 581 1531 rat,
633 1477 763 1523 εἷσόκ’
808 1476 996 1539 Ἀχαιοὶ
1028 1475 1158 1526 Ἴλιον
1207 1478 1314 1528 αἰπὺ
1378 1484 1518 1535 ἕλοιεν,
1560 1480 1792 1532 ’ASmalm
1845 1482 1917 1530 διὰ
1981 1485 2141 1538 βελοὶς.

490 1550 585 1598 Sed
609 1549 818 1599 disertius
839 1549 968 1599 idem
1000 1550 1059 1598 de
1091 1553 1229 1617 Equo
1251 1552 1353 1619 egit
1389 1554 1552 1620 Odyff.
1577 1555 1627 1611 S,
1658 1572 1773 1623 492.
1805 1555 1847 1613 3⁸,
1882 1573 1972 1622 271
2016 1558 2142 1624 sqq„

488 1626 551 1674 de
585 1625 752 1691 quibus
786 1626 902 1676 locis
937 1626 1063 1676 infra
1094 1626 1358 1678 videbimus
1385 1631 1508 1678 Exc.
1536 1631 1658 1680 VII.
1738 1631 1866 1681 Huic
1896 1645 2139 1699 tamquam
2194 1690 2196 1694 .
2264 1615 2267 1623 s

486 1701 793 1750 fundamento
858 1701 1163 1767 superstrufta‘
1219 1701 1307 1751 fuit
1366 1705 1659 1755 communior
1703 1707 1862 1772 aliqua
1912 1709 2144 1764 narratio,

488 1793 632 1840 quam
655 1776 715 1824 ab
753 1775 946 1826 Arfflno
978 1779 1025 1824 in
1059 1778 1188 1825 Ἠλίου
1221 1777 1383 1841 viem&
1416 1779 1619 1842 primum
1659 1782 1914 1846 profeclam
1941 1783 2047 1840 effe,
2079 1801 2141 1834 ex

487 1849 644 1899 Procli
675 1852 945 1915 fragmento
973 1850 1219 1902 discimus:
1253 1868 1456 1919 eumque
1486 1854 1718 1920 Virgilius
1740 1855 1953 1921 inprimis
1977 1858 2140 1924 sequu-

487 1937 562 1975 tus
596 1928 684 1976 effe
723 1926 939 1977 videtur:
971 1928 1126 1990 postea
1145 1945 1173 1976 a
1196 1928 1402 1979 Lescheo
1425 1931 1671 1980 retractata
1703 1932 1766 1980 est
1794 1932 1972 1990 fabula,
2006 1926 2057 1982 ut
2078 1951 2141 1983 ex

489 2004 658 2052 eodem
692 2003 862 2052 Proclo
900 2001 1200 2068 intelligitur,
1235 2017 1377 2069 utque
1408 2004 1509 2067 jam
1540 2005 1654 2056 olim
1693 2006 1978 2072 suspicabar,
2012 2009 2140 2076 quod

488 2079 693 2146 Qintus
719 2078 828 2126 Cal.
854 2077 973 2133 XII,
1004 2093 1095 2142 134
1129 2078 1228 2144 sqq.
1265 2077 1475 2143 copiosus
1514 2081 1577 2127 est
1615 2081 1705 2129 hac
1741 2081 1792 2130 in
1830 2099 1898 2139 re,
1931 2096 1979 2132 et
2012 2085 2139 2148 quod

487 2155 693 2207 occurrit
728 2155 891 2219 Equus
925 2153 1161 2217 Trojanus
1186 2153 1320 2202 fimili
1357 2154 1456 2202 fere
1477 2154 1628 2203 forma
1651 2172 1708 2204 ac
1740 2157 1856 2207 statu
1876 2157 1927 2207 in
1949 2159 2139 2208 Tabula

423 2290 425 2292 ,
488 2236 656 2287 Iliaca,
691 2249 790 2296 quae
824 2231 876 2279 in
915 2231 1003 2279 hac
1043 2243 1178 2295 parte
1225 2231 1422 2282 Iliadem
1469 2250 1663 2298 parvam
1713 2234 1840 2300 sequi
1877 2237 2141 2300 profitetur.

490 2307 690 2359 Diverse
723 2320 880 2354 tamen
919 2307 1136 2355 nonnulla
1174 2324 1280 2357 cum
1325 2324 1350 2354 a
1387 2310 1538 2356 nostro
1571 2322 1671 2359 tum
1711 2326 1740 2358 a
1779 2311 1958 2360 caeteris
1984 2313 2139 2378 poe‘tis

489 2401 539 2435 et
583 2381 904 2452 grammaticis
950 2384 1127 2432 narrari
1165 2384 1346 2440 videas,
1380 2385 1443 2434 cf.
1483 2385 1668 2452 Hygin.
1709 2386 1744 2434 f.
1787 2392 1875 2454 198
1911 2399 1960 2437 et
1997 2387 2141 2446 Not„
2192 2398 2195 2401 '
2263 2397 2270 2410 ·’

489 2482 595 2530 quae
632 2460 731 2526 ipsa
758 2477 832 2508 res
867 2472 1148 2524 argumento
1188 2463 1269 2517 est,
1303 2463 1472 2511 multos
1509 2480 1570 2512 ex
1604 2463 1942 2530 antiquioribus
1979 2465 2138 2531 poitis
2177 2480 2180 2483 ’

455 2578 460 2582 .
489 2539 539 2587 in
569 2555 627 2586 ea
659 2534 925 2585 narratione
959 2536 1167 2585 ornanda
1193 2554 1384 2600 operam
1425 2539 1685 2588 collocasse.
1749 2540 1923 2590 Heleni
1944 2541 2140 2594 confilio

490 2616 679 2680 Equum
722 2612 997 2659 exstructum
1052 2613 1160 2667 effe,
1193 2612 1419 2661 traditum
1463 2614 1524 2662 ab
1568 2614 1701 2663 aliis.
1737 2633 1787 2665 v.
1831 2617 2021 2666 Conon.
2052 2633 2134 2683 34.

494 2693 559 2740 At
590 2688 782 2738 Procius
818 2702 843 2734 e
882 2686 1122 2735 LescheO:
1158 2710 1230 2735 και
1268 2691 1402 2736 Επειο
1370 2689 1423 2736 ιὸς
1458 2692 1562 2736 κατ’
1595 2681 1779 2741 Ἀθηναῖε·
1812 2713 1890 2755 vrgo
1893 2694 2047 2755 αἰξεσιν
2069 2693 2139 2745 τδρ

488 2777 573 2814 Δου
551 2767 651 2829 ύεξιο
694 2765 797 2811 ἵππο
800 2784 816 2809 ν
851 2782 1045 2811 naz-mons
1049 2763 1177 2828 υάζει.
1243 2762 1302 2811 In
1333 2762 1672 2827 Tryphiodoro
1693 2781 1738 2812 ν.
1780 2765 1838 2814 61
1884 2778 1934 2815 et
1960 2765 2012 2815 in
2049 2767 2138 2815 Pe-

488 2840 631 2889 tronii
669 2838 811 2888 halofi
853 2837 1014 2900 Trojae
1057 2838 1337 2888 rhetoricam
1376 2838 1679 2889 ambitionem
1717 2840 1856 2890 facile
1895 2840 2139 2908 agnose-as*-

486 2916 702 2982 Ineptior
740 2926 898 2962 tamen
937 2913 1322 2979 TryphiodoruS.
1387 2914 1604 2979 Operum
1647 2915 1971 2965 nonnullorum
2001 2925 2137 2965 vete-

489 2991 552 3039 ris
590 2990 702 3038 artis
732 3001 1062 3054 argumentum
1099 2987 1191 3036 fuit
1220 2987 1298 3036 hic
1334 2987 1459 3037 idem
1498 2990 1658 3054 Equus
1682 2992 1850 3053 Δέξειος
1873 2991 1952 3040 vel
1983 2993 2136 3056 Augai·-

487 3087 590 3124 τεος,
629 3078 679 3114 ut
720 3063 771 3112 in
818 3077 928 3110 arce
968 3064 1263 3126 Athenarum
1314 3080 1373 3112 ex
1407 3080 1515 3119 aere,
1548 3079 1631 3129 ap.
1670 3059 1864 3124 Pausan.
1903 3065 1949 3122 1,
1984 3083 2044 3131 23
2087 3079 2137 3116 et

485 3141 535 3189 in
567 3141 789 3204 Polygnoti
819 3135 973 3187 tabula
1011 3132 1136 3203 apud
1174 3138 1391 3203 Delphos
1429 3138 1550 3187 ibid.
1587 3138 1658 3193 X,
1695 3139 1758 3188 26
1804 3142 1968 3206 (quem
1990 3140 2138 3198 limile

486 3228 819 3283 argumentum
843 3214 1039 3266 Athenis
1064 3214 1114 3264 in
1139 3216 1314 3265 Poecile
1347 3215 1544 3280 pinxisse
1572 3232 1638 3264 ex
1679 3217 1933 3268 Plutarcho
1961 3217 2012 3269 in
2043 3218 2136 3269 Ci-

487 3291 639 3341 monis
661 3290 775 3339 Vita
804 3308 853 3355 p.
880 3295 971 3355 481
1014 3286 1060 3338 A
1100 3303 1315 3355 apparet,
1351 3290 1432 3340 ubi
1469 3291 1551 3339 τοὶς
1588 3291 1790 3355 Τςωάδαις
1823 3307 1872 3341 et
1905 3292 2033 3359 inter
2055 3309 2137 3343 eas

485 3364 729 3414 Laodicen
758 3364 818 3412 ad
842 3374 1010 3413 amatae
1048 3363 1132 3413 fibi
1167 3363 1405 3430 Elpinices
1439 3364 1645 3432 speeiem
1671 3369 1931 3432 expreffiss'e
1955 3384 2139 3423 memo-
2175 3399 2183 3416 .

485 3442 635 3502 ratur)
674 3439 722 3488 in
772 3457 864 3504 qua
915 3439 1071 3505 Epeus
1120 3440 1354 3500 exhibitus
1391 3454 1494 3489 erat
1517 3440 1686 3497 nudus,
1754 3442 1914 3507 Trojae
1946 3459 2134 3495 nurum

482 3517 579 3566 folo
610 3531 818 3580 aequans,
846 3517 1139 3580 κατᾳβάλλων
1167 3517 1229 3565 εἰς
1267 3516 1418 3579 ἔδαφος
1440 3522 1519 3564 τῶν
1555 3521 1699 3581 Τςώων
1733 3518 1783 3566 2·ss
1818 3523 1983 3582 τεῖχος,
2015 3529 2133 3583 μοι·

415 3595 417 3597 ’
485 3591 693 3643 minente
730 3589 854 3643 inter
888 3590 1041 3642 ruinas
1076 3590 1233 3658 capite
1279 3592 1404 3659 Equi
1441 3591 1664 3644 Duratei.
1737 3593 1784 3644 A
1818 3593 1982 3660 quibus
2006 3592 2130 3641 mul-

2029 3677 2132 3741 tunt
