2372 4030
361 294 495 362 DE
543 289 859 359 CARM.
893 289 1181 359 EPICO
1235 294 1590 366 VIRGIL.
1643 324 1858 380 xxvu

225 479 303 553 de
322 471 872 566 veristmilitudine,
922 491 1123 562 quam
1153 471 1353 562 po‘eta
1383 474 1609 547 sectari
1654 482 1864 563 debet,

228 593 350 685 qui
387 613 523 657 non
552 583 688 677 ipse
715 585 858 653 vult
886 583 997 651 sua
1045 588 1189 653 asta
1221 587 1594 660 rescindere.
1691 598 1865 663 Om-

229 705 390 780 nino
449 700 536 767 ad·
589 698 758 765 hanc
806 699 1160 788 -illzfionem,
1229 725 1432 791 quam
1490 709 1869 777 recentiores

167 870 171 874 -
227 817 575 888 commode
605 830 861 892 vocant,
910 816 1241 909 pleraque,
1292 841 1442 908 quae
1475 819 1867 897 decarmine

219 936 420 1027 spico
463 956 618 1000 cum
669 931 964 1014 utilitate·
1001 930 1221 1020 aliqua
1265 933 1529 1021 praecipi
1582 935 1864 1024 poffunt,

232 1072 527 1118 revocare
586 1046 653 1113 in
715 1060 978 1135 promtu
1038 1044 1129 1110 est
1152 1075 1174 1120 3
1226 1061 1287 1110 et
1338 1048 1415 1111 ad
1488 1047 1656 1113 hanc
1718 1074 1869 1115 nor-

231 1187 386 1233 man
434 1163 538 1229 vel
591 1161 882 1235 maxi-me
926 1183 1220 1225 revocare
1252 1159 1423 1227 soleo
1457 1186 1551 1238 ea,
1601 1189 1744 1255 quae
1793 1166 1871 1231 de

233 1277 462 1348 multis
506 1274 771 1367 Virgilii
803 1274 963 1338 locis
1014 1297 1054 1338 a
1082 1274 1234 1341 viris
1291 1275 1503 1343 doctis
1553 1276 1873 1369 disputata

232 1388 409 1478 sunt.

323 1617 453 1684 VI.
498 1615 832 1705 Wrgiliani
855 1614 1053 1703 igitur
1083 1616 1392 1690 carminis,
1439 1639 1592 1681 nam
1621 1618 1700 1683 ad
1746 1618 1873 1686 hoc

227 1760 328 1812 ea,
365 1757 514 1826 quae
545 1732 818 1799 dicenda
853 1729 1085 1808 habe0‚
1122 1732 1477 1797 revocanda
1501 1732 1665 1799 mihi
1698 1736 1867 1812 sunt,

230 1850 414 1924 dotes
439 1863 508 1914 ut
549 1850 726 1914 recte
757 1844 1112 1930 discernant
1139 1868 1212 1909 ac
1238 1844 1647 1934 perspiciant,
1696 1850 1775 1914 ad
1805 1850 1873 1915 id

229 1963 569 2045 intendant
608 1961 867 2026 animos
902 1956 1384 2034 adolescentes,
1435 1961 1662 2027 auctor
1706 1961 1873 2040 sum,

233 2097 330 2159 ut,
356 2075 358 2077 '
380 2095 673 2171 qnantum
703 2099 836 2142 cum
866 2075 934 2140 in
967 2091 1091 2140 toto
1120 2093 1472 2163 argumento
1503 2094 1627 2141 tum
1657 2078 1723 2143 in
1730 2082 1874 2168 stn-

224 2198 400 2287 gulis
438 2194 736 2286 partibus
777 2191 921 2280 insit
960 2191 1049 2259 ad
1071 2208 1295 2257 mentes
1322 2191 1718 2258 admiratione
1758 2220 1873 2261 non

206 2313 351 2402 sine
379 2309 699 2398 voluptate
727 2307 1039 2386 tenendas,
1089 2307 1471 2396 confiderent.
1573 2310 1876 2398 Exponi-

207 2418 337 2499 tur
365 2447 405 2489 a
433 2420 634 2514 pofe’ta
658 2422 881 2488 AEneae
910 2445 985 2485 ex
1019 2418 1209 2510 Troja
1235 2436 1420 2509 capta
1439 2423 1721 2510 profugi,
1750 2425 1879 2510 post

232 2537 431 2626 longis
458 2560 718 2614 errores,
753 2535 819 2601 in
848 2534 1109 2602 Latium
1134 2535 1435 2599 adventus
1465 2535 1690 2621 afatis
1710 2560 1873 2600 mon-

207 2656 485 2751 stratus,
510 2671 572 2720 et
605 2653 844 2725 condita
870 2653 948 2719 ab
977 2678 1042 2717 eo
1073 2653 1138 2718 in
1170 2653 1273 2718 his
1299 2652 1446 2719 locis
1480 2650 1876 2739 Trojanorum

230 2769 461 2851 polonia
485 2792 758 2859 novaque
777 2784 1013 2857 parata
1011 2769 1216 2856 fides.
1314 2767 1478 2853 Qis
1505 2781 1718 2831 autern
1740 2789 1876 2831 non

235 2884 424 2953 facile
456 2885 778 2976 intelligat
815 2885 958 2976 jam
991 2884 1071 2951 ab
1101 2885 1315 2963 initio,
1366 2907 1504 2950 rem
1537 2881 1657 2947 effe
1690 2904 1876 2969 mag-

234 3025 416 3087 nam,
465 2999 778 3092 arduam,
852 3015 915 3066 et
971 2998 1416 3065 admirationis
1471 2996 1875 3086 aliquantum

235 3113 608 3201 habentem,
640 3115 821 3206 quod
853 3113 1169 3206 profugus
1200 3112 1434 3202 aliquis
1477 3134 1560 3176 ex
1590 3108 1746 3174 urbe
1772 3109 1875 3173 in-

237 3228 514 3301 censaet
544 3231 700 3297 exul
734 3228 883 3296 fatis
917 3225 1298 3295 ducentibus
1331 3226 1402 3290 in
1432 3240 1567 3289 tam
1612 3221 1874 3312 longin-

236 3358 368 3434 qua
397 3360 585 3423 terra,
635 3345 706 3410 in
731 3346 948 3422 Latio,
978 3364 1180 3409 novas
1210 3338 1387 3406 sedes
1418 3337 1602 3430 ponit
1630 3341 1654 3402 ?
1706 3336 1874 3421 Qis

236 3480 372 3548 pon
393 3457 766 3545 infsummis
798 3439 1106 3552 periculis
1143 3479 1216 3524 ac
1240 3451 1744 3525 discriminibus,
1799 3451 1873 3516 in

368 3577 375 3582 ”
438 3577 445 3584 ”
970 3596 1011 3664 3
1470 3564 1874 3657 navigatione
