2372 4030
521 388 626 462 ‘70‘
743 379 811 441 P.
867 336 1931 445 V1R¹G1L11⁴⁵*MARONIS

530 549 663 628 Ipsa
691 549 965 635 Paphum
985 550 1250 610 sublimis
1272 549 1421 631 abit,
1462 548 1736 631 sedesque
1756 547 1960 610 ¹revifit
2037 564 2153 630 415

531 669 704 729 Laeta
733 670 892 730 suas:
935 671 1040 730 ubi
1080 671 1382 751 templum
1409 669 1520 742 illi,
1561 683 1923 748 centumque
1951 668 2163 729 Sabaeo

531 789 695 849 Ture
719 787 912 849 calent
937 809 1075 863 arae,
1118 787 1392 868 sertisque
1419 787 1752 847 recentibus
1778 787 2000 847 halant.

618 909 985 988 Conripuere
1012 909 1172 968 viam
1202 909 1440 983 interea,
1468 929 1586 989 qua
1612 907 1820 968 semita
1846 906 2164 977 monstrat;

506 1025 784 1104 Jamque
812 1024 1241 1083 adscendebant
1267 1023 1504 1094 collem,
1546 1023 1650 1101 qui
1677 1022 2127 1101 plurimusurbi

533 1139 815 1211 Inminet,
843 1136 1219 1216 adversasque
1246 1135 1542 1215 adspecstat
1568 1135 1818 1215 desuper
1845 1155 2025 1196 arces,
2051 1154 2173 1212 420

589 1336 685 1376 415.
711 1327 858 1379 Paphon
877 1325 1024 1365 Hamb.
1038 1338 1101 1378 pr.
1120 1336 1211 1364 cum
1230 1322 1281 1363 al.
1293 1331 1374 1363 ant.
1401 1323 1476 1362 adit
1493 1320 1646 1376 aliquot
1658 1336 1719 1376 ap.
1743 1322 1880 1364 Burm.
1898 1333 1940 1365 et
1961 1323 2175 1365 Pier.——-

542 1400 637 1435 420.
664 1392 872 1442 aq'speeiant,
894 1398 940 1429 ut
959 1389 1010 1428 ad
1029 1390 1203 1426 AEneam
1218 1400 1309 1426 cum
1331 1387 1478 1426 comite
1495 1386 1705 1435 referatur,
1733 1387 1941 1428 Gudianus
1969 1402 1993 1427 a
2024 1401 2080 1428 m.
2098 1387 2175 1428 sec.

537 1466 631 1492 cum
651 1453 845 1492 Rottend.
863 1466 923 1504 pr.
938 1462 978 1491 et
997 1452 1084 1490 aliis
1101 1464 1164 1504 ap.
1192 1452 1328 1490 Burm.
1347 1463 1468 1503 quem
1491 1450 1607 1499 vide3
1634 1451 1734 1490 item
1755 1450 1900 1505 fragm.
1928 1452 2058 1492 Vatic.
2079 1453 2177 1493 Bot-

535 1525 615 1556 tar.
637 1531 675 1569 p.
701 1528 795 1566 170.
851 1516 925 1556 Sed
945 1516 1056 1555 collis
1073 1519 1243 1569 affpebiat
1262 1515 1369 1554 haud
1395 1513 1515 1553 dubie
1542 1513 1707 1563 melius3
1735 1528 1807 1554 nec
1827 1525 2058 1569 temporum
2081 1530 2177 1558 con-

535 1580 741 1633 sequentia
758 1579 873 1620 aliter
898 1580 1112 1634 permittit.
1166 1582 1360 1633 exspeeiant
1371 1578 1490 1618 Leid.
1511 1591 1577 1618 un.
1629 1580 1803 1633 exspeaat
1815 1581 1957 1633 Puget.

603 1763 714 1812 4¹5·
749 1745 830 1793 Cf.
855 1746 911 1793 ad
946 1765 989 1794 v.
1031 1746 1103 1794 16.
1153 1744 1322 1793 Versus

539 1827 597 1858 ex
637 1812 842 1858 Homero
884 1810 957 1858 sed
1002 1811 1202 1857 ornatius
1243 1825 1321 1857 ex-

539 1877 663 1939 preffi
687 1876 844 1938 Odyff.
861 1875 909 1929 ἓν,
945 1878 1033 1936 362
1058 1875 1121 1938 sq.
1177 1875 1319 1922 Com-

539 1956 647 2002 para
667 1941 841 2003 Hymn.
872 1940 920 1987 in
943 1939 1112 1988 Vener.
1146 1943 1224 2004 58.
1259 1954 1319 2003 59

538 2003 639 2068 sqq.
707 2017 752 2051 et
809 2004 967 2068 Odyff.
1023 2027 1065 2059 n,
1124 2010 1200 2053 80.
1260 2007 1314 2052 81

541 2067 642 2134 sqq.
659 2069 715 2116 de
736 2069 966 2117 Minerva.
1034 2069 1100 2116 At
1135 2084 1192 2116 ex
1214 2067 1323 2115 Vir-

543 2137 663 2198 gilio
687 2134 857 2181 Statius
879 2133 926 2180 V
951 2134 1103 2182 Theb.
1127 2133 1183 2181 61
1235 2133 1323 2181 Illa

543 2199 722 2263 Paphon
734 2212 913 2246 veterem
925 2208 1156 2262 centumque
1165 2197 1327 2246 altaria

541 2263 746 2328 linquens.
811 2263 953 2328 Qod
980 2274 1126 2309 autem
1149 2263 1258 2309 turis
1279 2275 1325 2309 et

544 2327 761 2375 sertorum
807 2331 967 2374 odores
1020 2326 1325 2374 exhalantium

545 2404 720 2439 tantum
735 2392 787 2438 fit
803 2391 992 2445 mentio,
1008 2407 1098 2438 non
1120 2391 1328 2439 viffima·

545 2473 648 2505 rum
678 2456 905 2510 caesarum,
936 2455 1042 2502 satis
1085 2456 1217 2503 dofie
1257 2455 1328 2502 in-

547 2532 759 2585 terpretes
781 2521 976 2568 referunt
995 2519 1054 2566 ad
1076 2535 1244 2567 morem
1263 2520 1329 2566 sa-

546 2602 728 2634 crorum
755 2584 958 2640 VeneriS,
978 2585 1102 2648 quod
1123 2601 1210 2631 arae
1228 2585 1330 2631 nul-

547 2652 617 2698 lus
647 2649 827 2713 sanguis
868 2649 1202 2704 offundebatur,
1236 2665 1332 2695 ma-

549 2714 673 2827 ἰιίξιῖξ
689 2713 873 2826 ΙῖεΙιρὴὶεε
891 2713 1099 2825 erniri.l
1112 2712 1330 2824 wgaqiit.

607 2795 676 2826 1.
753 2815 767 2835 ,
835 2795 961 2827 .c.
1032 2812 1116 2826 ..
1207 2794 1332 2826 era.

551 2845 690 2892 Alius
723 2796 829 2891 curr31
858 2843 1092 2906 elegantiae
1120 2841 1244 2890 sensu
1273 2843 1333 2890 ad

551 2907 623 2965 id,
654 2908 782 2975 quod
821 2908 952 2954 deam
994 2907 1258 2954 deliciarum
1289 2917 1335 2953 et

551 2973 796 3038 voluptatis
815 2971 1029 3019 arbitram
1053 2972 1212 3020 decere
1233 2972 1333 3035 pos-

552 3038 626 3093 fit,
671 3037 863 3085 referat:
919 3035 1152 3100 quomodo
1192 3037 1333 3092 enim,

552 3105 1147 3223 {fissuizaessffrijssssffssffissssffi
1171 3101 1335 3212 ’ἐᾏάοἶὶἰ

555 3234 667 3283 turis
689 3246 734 3280 et
768 3232 927 3280 florum
962 3231 1096 3277 istum*
1127 3229 1334 3277 nidorem

553 3298 802 3346 desiderare
841 3296 1019 3372 potest?
1089 3295 1336 3356 Comparat

554 3363 709 3410 locum
732 3359 1004 3408 Callimachi
1030 3360 1088 3407 de
1108 3358 1339 3422 Apollinis

557 3426 727 3474 Carnei
767 3441 844 3472 ara
886 3425 954 3474 H.
993 3424 1043 3471 in
1078 3423 1235 3489 Apoll.
1279 3425 1339 3473 80

556 3489 658 3566 sqq.
692 3490 922 3538 GuelliuS.
955 3488 1065 3537 laeta
1082 3505 1128 3537 v.
1149 3487 1245 3552 41.6
1267 3503 1341 3534 ac-

551 3552 1338 3685 ἓὶΐὲοῗοὲἓὲἒὲξῗῗάῗὶ7Ρ3Ρὴο·

584 3675 587 3676 7
759 3653 773 3669 ο
837 3663 840 3666 Α
893 3667 896 3669 μ
959 3652 972 3668 α
1043 3653 1060 3677 2
1174 3650 1190 3666 ο

1463 1747 1575 1807 418.
1609 1745 1825 1809 Corrtpere
1843 1750 1986 1802 viam,
2007 1745 2186 1794 doflius

1403 1826 1558 1873 quam,
1591 1814 1688 1866 iter,
1722 1811 1769 1859 h.
1787 1829 1827 1859 e.
1851 1811 2071 1868 celeriter,
2084 1827 2184 1875 rap-

1403 1876 1508 1928 tim,
1542 1874 1705 1931 facere,
1739 1876 1918 1939 exigere
1940 1896 1953 1933 ;
1979 1876 2039 1923 fic
2061 1883 2189 1923 corri-

1397 1951 1498 2001 pere
1512 1943 1691 2003 greffitm
1704 1960 1717 1996 ;
1753 1939 1930 1988 doflius
1956 1940 2094 1987 etiam
2117 1939 2187 1998 V,

1414 2019 1504 2066 144
1539 2010 1764 2067 corripuere
1803 2018 1988 2067 campum
2026 2023 2188 2055 currus·

1406 2066 1624 2114 Similiter
1665 2080 1807 2129 rapere
1834 2068 2006 2116 dictum
2028 2085 2190 2118 occur-

1407 2131 1484 2178 rit.
1517 2149 1562 2179 ν.
1585 2131 1641 2178 ad
1661 2132 1816 2180 Valet.
1837 2130 1906 2181 Fl.
1928 2133 1972 2189 I,
2004 2151 2053 2195 4.

1472 2212 1527 2257 41
1537 2212 1586 2259 9.
1618 2198 1711 2259 Qi
1718 2195 1923 2260 plurimus
1937 2198 2036 2246 urbi
2051 2206 2191 2247 immi-

1410 2276 1478 2308 net
1516 2261 1575 2306 ad
1634 2260 1994 2325 magnitudinem
2044 2264 2192 2314 refero

1410 2324 1577 2372 montis
1601 2325 1682 2372 sub
1702 2326 1804 2390 ipfis
1826 2325 1949 2373 urbis
1970 2327 2194 2377 moenibus

1408 2388 1666 2436 accubantis
1682 2409 1696 2446 ;
1770 2390 1949 2438 Servius
2010 2392 2195 2458 longum,

1412 2454 1563 2500 Cerda
1598 2454 1731 2502 altum
1758 2466 2005 2518 exponunt.
2074 2457 2197 2506 Sim-

1411 2517 1595 2581 pliciter
1613 2519 1662 2565 in
1684 2519 1858 2582 vulgari
1894 2522 2100 2569 oratione
2120 2523 2195 2570 di-

1413 2582 1568 2629 xiffes:
1626 2584 1822 2631 Imminet
1851 2585 1951 2632 urbi
1980 2586 2092 2634 collis
2110 2587 2195 2635 ali-

1414 2660 1615 2710 quantum
1656 2650 1803 2702 editus,
1836 2663 1877 2696 et
1916 2651 1958 2695 B
1985 2654 2093 2711 rsam
2121 2653 2196 2699 de-

1397 2713 1539 2774 spicit.
1607 2714 1733 2761 Hunc
1752 2717 1857 2778 jam
1887 2732 1918 2760 a
1931 2716 2197 2778 scenderunt.

1420 2775 1507 2822 Pro
1527 2795 1675 2840 magno
1692 2791 1826 2826 monte
1859 2785 1999 2842 po'eta
2024 2778 2199 2829 diceret

1417 2839 1587 2888 multum
1608 2856 1796 2899 montem,
1829 2854 1881 2888 ut
1903 2842 2079 2907 Georg.
2104 2843 2199 2901 III,

1419 2921 1478 2968 52
1486 2904 1671 2968 plurima
1685 2916 1852 2961 cervix,
1870 2908 2005 2972 longa
2016 2920 2061 2955 et
2081 2909 2200 2956 cras-

1416 2969 1478 3017 sa.
1545 2970 1705 3017 Minus
1741 2973 1982 3019 commode
2025 2971 2200 3026 diceres

1416 3032 1592 3083 difflum
1624 3051 1706 3099 pro
1739 3036 1849 3083 collis
1872 3036 2104 3100 plurimum
2123 3046 2200 3086 im-

1418 3105 1556 3145 minet.
1649 3101 1875 3148 Caeterum
1933 3106 2069 3164 poeta
2108 3102 2200 3151 hoc

1417 3161 1570 3210 sumsit
1597 3179 1654 3211 ex
1688 3165 1987 3238 topographia
2008 3166 2208 3214 Cartha-

1417 3225 1557 3290 ginis.
1623 3229 1759 3275 Tales
1779 3245 1900 3277 enim
1917 3229 2053 3279 colles
2073 3230 2203 3295 aspe-

1419 3306 1493 3336 ros
1525 3303 1571 3337 et
1605 3291 1811 3340 difficiles
1851 3293 1902 3340 in
1938 3295 1955 3342 i
1988 3293 2037 3340 so
2073 3295 2205 3344 aditu

1419 3354 1596 3413 Isthmi,
1630 3356 1679 3403 in
1718 3374 1810 3421 quo
1848 3357 1963 3406 Cart
2022 3374 2084 3424 go
2123 3359 2205 3409 fita

1418 3431 1536 3476 erat,
1579 3421 1795 3469 describit
1836 3421 2007 3484 Polyb.
2036 3422 2121 3472 lib.
2159 3423 2206 3482 Ι,

1420 3501 1463 3531 c.
1473 3485 1537 3546 46
1552 3492 1629 3535 τῶν
1642 3491 1851 3549 γεωλόφων
1868 3493 1944 3537 τῶν
1958 3485 2205 3549 ἐπιζευγνύν-

1421 3569 1501 3596 των
1540 3552 1607 3598 τὸν
1636 3556 1800 3616 αὐχένα
1832 3555 1898 3604 τὸν
1936 3557 2207 3604 συνάπτονται

1421 3615 1494 3670 τῆκ
1515 3613 1579 3666 Κ·
1599 3628 1687 3668 etc·

2090 3699 2204 3748 421.

2354 0 2372 107 π-ι-ιὲηι
