2294 4030
634 247 791 307 AD
853 245 1323 309 LIBRUM
1377 248 1462 310 11.
1727 253 1857 330 267.

207 409 302 494 ma
321 424 404 478 52,
425 408 507 456 ubi
526 425 571 470 v.
587 407 748 457 Wefl‘el
769 407 816 456 *.
879 407 1008 456 Idem
1028 417 1131 455 ante
1145 423 1252 456 eum
1271 408 1328 456 ab
1359 411 1621 460 Anaximene
1639 413 1843 478 Lampsa

205 503 301 544 ceno
331 483 519 548 fastum,
551 481 633 546 qui
664 481 917 529 Alexandri
949 492 1150 545 tempore
1185 480 1308 528 vixit
1346 494 1392 530 et
1430 482 1490 529 ab
1529 486 1841 551 antiquiffimis

201 548 405 612 Graeciae
435 554 568 605 rebus
602 556 706 617 (ἀπο
735 554 940 615 θεογονίας
955 576 1026 603 και
1048 555 1134 602 ἀπο
1152 574 1225 602 του
1243 559 1408 618 πξῶτου
1424 560 1557 621 «γένους
1578 565 1656 608 τῶν
1675 559 1838 624 5993&-

187 631 310 689 *mund
340 627 464 676 orsus
486 627 587 690 (τοὶς
618 631 785 691 πρώτας
809 627 961 691 {regias
982 627 1055 676 vel
1077 630 1149 679 τὴν
1172 632 1335 692 verbi-m
1358 635 1436 677 τῶν
1456 631 1709 696 Ἑλληνικῶν)
1744 633 1838 682 his-

204 700 371 753 toriam
401 700 539 765 usque
567 700 626 748 ad
653 717 852 765 pugnam
876 699 1236 751 Mantineensem
1257 714 1554 766 pertexuerat.
1590 706 1688 754 vid.
1718 707 1838 755 Dio-

206 773 308 825 dor.
332 774 452 830 XV,
488 779 548 835 89
569 785 615 821 et
636 773 763 824 Voff.
794 775 852 823 de
875 774 998 824 Hist.
1031 775 1120 824 Gr.
1150 775 1194 832 Ι,
1234 793 1312 833 ιο,
1348 793 1432 824 nec
1453 793 1544 824 non
1564 777 1612 825 in
1636 779 1840 830 Pisandri

148 906 150 909 ¹
204 844 338 912 opere
370 848 491 916 infra
511 847 755 895 laudando.
822 847 929 895 Fuit
960 863 1140 911 quoque
1172 846 1366 912 scriptor
1401 849 1607 914 antiquus
1632 858 1840 916 (ovy‘ygoe-

205 921 299 982 φεῦς
329 923 512 971 παλαιὸς
532 922 640 972 πάιν
662 940 734 986 ap.
759 921 950 983 Dionys.
975 921 1132 967 Halic.
1162 921 1205 978 I,
1229 937 1310 986 72,
1342 935 1386 970 et
1403 922 1446 979 I,
1474 940 1536 988 49
1557 927 1739 986 ἆξχαῖος
1766 930 1841 975 καὶ

203 998 326 1055 λόγου
346 998 483 1061 ἄξιος)
515 995 699 1059 Cephalo
722 995 993 1059 Gergithius
1014 995 1089 1043 seu
1112 994 1390 1059 Gergethius
1421 998 1501 1056 (τὰ
1525 998 1713 1060 Γὲξγηὲω
1734 1002 1840 1048 urbs

203 1067 420 1131 AEolidis)
431 1103 446 1129 ‚
465 1068 545 1131 qui
564 1070 730 1131 Τςωῖκοὶ
752 1067 1012 1132 scripserat:
1047 1067 1110 1115 cf.
1131 1068 1270 1114 Notae
1289 1068 1347 1115 ad
1368 1069 1584 1133 Apollod.
1623 1090 1669 1136 p.
1711 1090 1834 1137 740:

201 1140 398 1195 diversus
426 1141 523 1196 ille,
552 1141 630 1188 etfi
661 1142 934 1204 obloquatur
970 1140 1066 1187 Leo
1090 1141 1286 1188 Allatius
1319 1142 1376 1189 de
1410 1144 1555 1206 patria
1578 1146 1771 1194 Homeri
1793 1166 1837 1198 c.

207 1232 228 1276 ξ
237 1250 254 1271 ,
283 1231 310 1262 a
333 1215 583 1279 Cephalione
603 1214 675 1261 vel
696 1214 989 1277 Cephalaeone‚
1011 1215 1140 1276 Cujus
1162 1217 1354 1273 σύντομος
1388 1216 1553 1280 {cogntus
1574 1219 1664 1267 fuit
1685 1222 1837 1285 Musir-

200 1307 296 1349 >rum
331 1288 515 1338 nomine
550 1287 808 1352 inscriptus,
842 1306 908 1336 res
938 1305 967 1337 a
1000 1287 1133 1343 Nino
1165 1290 1223 1336 ad
1243 1291 1559 1343 Alexandrum
1581 1294 1836 1343 narratione

198 1361 488 1426 persequutus
506 1382 520 1425 3
555 1362 692 1410 lestus
716 1363 794 1423 ille
818 1362 983 1410 Photio
1016 1378 1059 1419 c.
1095 1365 1177 1420 68,
1199 1375 1243 1411 et
1264 1363 1313 1419 in
1334 1364 1560 1428 epitomen
1581 1368 1781 1415 redat'tus
1808 1387 1836 1417 a

201 1435 421 1500 Sopatro:
456 1431 573 1496 ibid.
601 1453 643 1495 c.
673 1437 777 1492 161.
801 1436 908 1489 add,
933 1435 1128 1498 Syncell.
1153 1454 1200 1500 p.
1242 1447 1263 1484 ἰ
1274 1440 1355 1502 67,
1386 1451 1431 1484 et
1453 1439 1517 1485 ib.
1540 1452 1637 1488 not.
1704 1441 1835 1508 Qid

199 1522 349 1567 tamen
378 1510 519 1558 facias
554 1510 775 1557 Athenaeo
796 1510 892 1567 IX,
915 1528 962 1575 p.
1007 1525 1095 1576 393
1122 1510 1182 1567 E,
1220 1512 1300 1558 ubi
1325 1512 1608 1576 Hegesianax
1634 1515 1834 1563 Alexan-

152 1608 178 1654 ·l
199 1584 357 1643 dtinus
382 1584 402 1630 ὃ
424 1585 483 1631 ταὶ
506 1587 764 1645 Κεφαλίωνος
786 1577 1099 1647 ἐπιγξαφόμενα
1128 1586 1292 1647 Τξωῖκᾶ
1313 1585 1503 1640 σωθείςὲ
1538 1588 1719 1637 Scilicet
1741 1590 1833 1637 sus-

197 1657 342 1722 picari
375 1658 502 1715 licet,
533 1669 728 1705 veterem
764 1658 894 1714 illum
924 1657 1091 1710 librum
1115 1657 1328 1707 interiiffe
1348 1670 1392 1704 et
1412 1659 1460 1706 in
1480 1660 1575 1722 ejus
1595 1662 1747 1718 locum
1766 1675 1833 1710 te-

197 1747 317 1795 mere
339 1748 364 1777 a
389 1732 615 1779 nonnullis
630 1730 911 1790 substitutum
934 1730 1060 1784 fuiffe
1081 1730 1268 1788 similem
1289 1731 1454 1781 librum
1479 1733 1829 1799 Hegefianaciis.

199 1805 396 1856 Fuerunt
428 1808 517 1855 alia
554 1808 720 1871 Τςωϊκοὶ
751 1808 985 1866 Metrodqri
1012 1805 1146 1862 Chii,
1179 1807 1258 1870 qui
1297 1807 1594 1871 Hippocratis
1618 1812 1829 1875 magister

200 1881 312 1938 fuit,
352 1882 534 1929 laudata
565 1881 686 1945 apud
716 1881 889 1929 Athen:
924 1880 1009 1938 lib,
1044 1880 1116 1925 IV
1140 1894 1346 1936 exeunte,
1382 1899 1429 1944 p.
1473 1888 1563 1946 184
1585 1886 1647 1932 A.
1715 1885 1830 1934 Non

124 1953 127 1955 ’
196 1955 315 2004 mihi
349 1957 537 2020 constat,
568 1956 626 2002 ad
660 1956 783 2019 quod
818 1967 993 2019 tempus
1022 1953 1276 2001 referendus
1308 1955 1360 2001 fit
1383 1953 1613 2009 Theodorus
1634 1957 1824 2017 Ilienfis,

193 2030 275 2093 qui
297 2035 334 2079 ἐν
354 2032 397 2097 β’
419 2033 601 2095 Τξωϊκῶν
623 2030 850 2094 excitatur
869 2029 991 2092 apud
1013 2027 1234 2075 Suidam
1221 2046 1268 2075 ιιι
1290 2033 1574 2091 Παλαίφατος
1597 2035 1827 2094 Ἀβυδηιός,

119 2138 126 2143 ψ
195 2101 467 2153 Fabulosum
501 2106 662 2170 syagri
695 2118 862 2168 nornen
899 2117 956 2157 ex
978 2100 1146 2158 AEliani
1171 2101 1232 2164 ΧΤ,
1274 2101 1344 2155 Η.
1384 2103 1528 2161 XIV,
1562 2121 1615 2155 21
1644 2106 1829 2161 laudare

106 2179 108 2183 ’
194 2169 261 2227 nil
283 2178 462 2235 attinet.

257 2238 562 2321 Aliquamdiu
605 2267 672 2300 res
714 2250 927 2314 Trojanae
966 2249 1196 2311 communi
1237 2249 1393 2313 aliquo
1433 2251 1551 2297 inter
1591 2254 1830 2317 scriptores

191 2319 408 2374 consensu
431 2338 557 2374 erant
589 2326 784 2382 traditae,
817 2334 950 2386 prout
971 2322 1030 2368 ab
1055 2322 1261 2369 Homero
1284 2335 1327 2370 et
1350 2324 1499 2386 po'etis
1521 2326 1732 2386 cycliciS,
1767 2344 1825 2377 ex

151 2455 154 2458 ,
193 2401 414 2471 majorum
435 2400 555 2449 fama
578 2416 629 2447 ac
653 2397 926 2453 narratione,
949 2396 1138 2459 antiquo
1159 2397 1375 2457 sermone,
1410 2398 1495 2445 hoc
1519 2401 1598 2454 est,
1622 2401 1826 2465 poetico,

191 2474 371 2526 fuerant
402 2474 626 2537 expofitae.
694 2474 782 2519 Sed
820 2489 925 2526 cum
962 2470 1167 2544 poetices
1198 2470 1342 2530 honos
1377 2470 1497 2525 inter
1528 2473 1714 2521 Graecos
1734 2475 1823 2522 fre-

191 2547 401 2612 quentari
434 2546 652 2611 coepiffet,
684 2548 908 2609 effentque
943 2545 1159 2608 primurn,
1191 2547 1272 2608 qui
1307 2545 1537 2611 sigillatim
1558 2548 1822 2611 particulam

191 2621 388 2686 aliquam
405 2639 462 2671 ex
475 2633 571 2670 toto
586 2621 668 2668 illo
691 2620 822 2683 cyclo
838 2619 1044 2681 mythico
1066 2619 1320 2684 decerptam
1342 2618 1539 2675 carmine
1565 2622 1822 2678 trastarent,

189 2707 400 2760 prnarent
433 2707 476 2743 et
509 2693 815 2742 delestationis
838 2692 982 2751 caussa
1004 2691 1245 2756 variarent,
1279 2704 1374 2749 tum
1407 2690 1489 2736 alii
1527 2690 1733 2755 inprimis
1750 2693 1823 2755 ly-

188 2768 296 2825 rici,
329 2768 410 2833 qui
441 2766 641 2815 carmina
675 2765 752 2813 sua
785 2763 995 2815 suavibus
1031 2762 1246 2825 episodiis
1281 2762 1622 2826 distinguerent,
1670 2780 1726 2811 ex
1761 2782 1820 2813 eo

188 2855 392 2913 tempore
428 2859 496 2889 res
525 2841 738 2905 Trojanae
757 2839 878 2903 quafi
902 2836 1098 2899 materiae
1120 2836 1316 2899 poe'ticae
1337 2837 1440 2883 loco
1459 2836 1544 2882 effe
1565 2851 1815 2901 creperum,

188 2932 279 2984 qua
307 2915 528 2981 ingeniosi
562 2914 767 2962 homines
797 2912 845 2959 in
882 2927 1193 2976 quamcunque
1215 2909 1403 2973 formam
1425 2911 1696 2974 diffingenda
1719 2924 1817 2961 ute-

184 3002 358 3061 rentur,
390 3003 618 3051 unumque
649 2986 700 3034 id
730 2985 1004 3051 propositum
1037 2983 1270 3036 haberent,
1303 2992 1355 3028 ut
1377 2997 1479 3030 cum
1499 2983 1815 3060 probabilitate

134 3132 139 3137 ἡ
189 3051 340 3132 aliqua
358 3061 641 3110 delestarent.

181 3201 189 3207 .
250 3170 290 3196 ⁴
326 3169 394 3212 Cf.
430 3167 825 3210 Commentationem
863 3165 1000 3220 paullo
1050 3174 1142 3205 ante
1173 3164 1391 3204 laudatum.
1463 3163 1585 3204 Viam
1621 3165 1672 3205 ad
1709 3167 1815 3208 hane

176 3233 378 3288 ιιιγῒῐιίεω
415 3245 507 3272 cum
538 3244 634 3271 vera
666 3230 830 3270 historia
862 3227 1112 3268 conferendae
1142 3227 1340 3265 rationem
1370 3227 1571 3266 munierat
1599 3228 1813 3282 Dionysius

189 3295 366 3338 Miletius
382 3293 516 3350 paullo
534 3301 626 3332 aute
645 3301 912 3340 memoratus3
936 3300 975 3330 et
1003 3290 1082 3343 ipse
1108 3288 1341 3329 Hellanicus
1356 3288 1534 3337 Lesbius,
1554 3289 1624 3342 qui
1640 3289 1815 3332 inlibris

114 3375 118 3377 “
187 3361 304 3423 supra
338 3357 509 3401 laudatis
541 3356 730 3409 mythicae
766 3354 984 3398 narrationi
1037 3353 1217 3397 historias
1260 3352 1491 3396 subtexuifl'e
1526 3353 1702 3410 videtur.
1755 3355 1809 3398 cf.

189 3413 354 3481 Dionys.
375 3419 510 3463 Hauc.
532 3421 564 3472 1,
579 3419 633 3469 48
651 3431 716 3478 pr.
1733 3490 1815 3541 Ab

181 3537 237 3576 t„
