2372 4030
512 370 696 432 mv
840 350 1716 447 DISQUISITIO
1797 352 1855 424 1.

508 537 673 629 quid
705 537 934 615 velint,
969 560 1204 628 parum
1233 511 1520 629 constare
1551 534 1915 604 videantur.
1981 533 2164 608 Nam

506 647 692 721 locu-s
724 650 999 742 quidem
1043 649 1336 715 laudatus
1379 647 1595 714 nullos
1645 642 1870 715 heroes
1911 648 2162 727 recitat,

510 785 800 857 quorum
823 759 1113 854 personae
1137 761 1276 828 vim
1310 760 1602 849 aliquam
1631 758 1864 826 habere
1888 759 2168 828 debeant

511 879 766 969 epicam
791 909 813 952 ς
861 899 994 940 non
1050 875 1258 963 magis
1304 896 1507 963 quam
1564 873 1757 963 Astus
1805 875 2164 964 Imbrastdes

515 989 1029 1077 Hicetaom'ffque
1061 986 1396 1074 Thymceles
1427 983 1831 1075 Affaracique
1875 987 1991 1056 duo
2037 1003 2165 1057 etc..

517 1106 607 1184 X,
659 1125 784 1191 123
812 1120 874 1167 et
903 1100 986 1166 fic
1020 1100 1129 1164 alii
1153 1130 1175 1175 3
1211 1096 1318 1163 sed
1343 1100 1612 1164 veniunt
1644 1099 1742 1163 illi
1766 1099 1888 1164 viri
1918 1099 1987 1165 in
2011 1123 2167 1167 cen-

514 1219 662 1293 sum
713 1234 774 1282 et
838 1214 1096 1280 turbam
1141 1235 1393 1290 eorum,
1445 1212 1561 1302 qui
1596 1227 1850 1278 tantum
1898 1214 2166 1280 nomine

511 1329 820 1399 laudandi
873 1344 935 1393 et
988 1323 1280 1418 epitheto
1313 1324 1639 1392 suavitatis
1686 1326 1893 1393 cauffa
1925 1352 2166 1394 ornan-

511 1448 585 1513 di
638 1443 828 1510 sunt:
895 1441 1122 1531 quales
1185 1438 1358 1529 apud
1409 1440 1781 1519 Homerum
1839 1441 2173 1509 innumeri

513 1562 614 1630 illi
650 1575 1011 1654 pugnantes
1059 1558 1162 1624 vel
1210 1556 1352 1635 caefi
1398 1573 1584 1636 ἐσῆλοῖ,
1623 1571 1890 1640 ἀμύμονες,
1933 1573 2170 1645 κρατερώ,

512 1692 805 1758 αἰχμηταὶ,
835 1689 897 1740 et
929 1671 1012 1738 fic
1042 1695 1261 1762 porro,
1359 1666 1692 1736 Excusant
1735 1669 2064 1736 Voltarius
2102 1686 2176 1736 et'

517 1784 890 1853 Addisonus
933 1781 1228 1874 poetam,
1280 1781 1385 1848 sed
1419 1797 1555 1847 tam
1585 1797 1832 1871 argute,
1882 1798 1955 1850 ut
1987 1781 2171 1849 sum-

516 1926 783 1969 morum
827 1902 1116 1968 virorum
1164 1897 1586 1964 subtilitatem
1637 1897 1939 1963 mireris:
1991 1898 2169 1974 alter,

517 2040 673 2083 cum
728 2016 1084 2089 HomeruS,
1155 2012 1399 2103 inquit,
1458 2009 1801 2077 ceffantem
1860 2035 1898 2077 a
1949 2035 2173 2102 pugna

517 2129 859 2213 Achillem
889 2124 1250 2206 exhiberet,
1299 2126 1458 2192 alios
1492 2125 1730 2191 interea
1759 2114 1951 2191 fortia
1997 2122 2175 2191 fasta

518 2245 781 2312 edentes
840 2241 1147 2309 exhibere
1199 2238 1445 2328 debuit,
1520 2239 1701 2330 quod
1772 2240 1842 2306 in
1889 2241 2172 2308 AEneide

517 2357 699 2427 secus
732 2355 806 2422 fit
823 2386 845 2431 ς
896 2355 1055 2421 alter
1084 2352 1165 2418 ad
1193 2352 1457 2444 Virgilii
1487 2353 1878 2444 elegantiam
1909 2354 2037 2423 hoc
2067 2380 2170 2425 re·-

518 2473 674 2551 fert,
724 2469 929 2561 quod,
979 2492 1132 2535 cum
1172 2466 1552 2557 Augustum
1581 2469 1776 2535 vellet
1827 2470 2175 2538 adumbra-

519 2604 691 2663 tum,
739 2583 1074 2650 neminem
1117 2581 1177 2647 ei
1221 2581 1459 2646 virtute
1505 2604 1727 2671 parem
1776 2584 2166 2674 adjunxerit.

520 2701 880 2787 Enimvero
933 2719 1087 2763 cum
1140 2696 1508 2786 argumenti
1556 2696 1808 2764 indoles
1852 2716 1916 2788 et
1946 2717 2174 2771 natura

520 2813 720 2883 totius
750 2809 1149 2879 tractationis
1175 2808 1469 2876 mensura
1493 2827 1555 2877 et
1580 2812 1802 2903 regula
1825 2812 1924 2892 fit,
1953 2816 2172 2904 plures

520 2928 753 3018 utique
795 2923 1125 2992 factorum
1170 2942 1232 2991 et
1279 2949 1493 2992 rerum
1544 2926 1870 3017 gestarum
1910 2927 2066 2997 socii
2106 2948 2172 2998 et

521 3042 874 3139 participes
899 3038 1020 3106 effe
1065 3053 1428 3129 nequeunt,
1478 3062 1680 3130 quam
1711 3020 1877 3130 quos
1909 3065 2005 3125 res
2037 3041 2173 3134 ipsa

523 3154 823 3250 postulat.
920 3155 1120 3241 Qod
1153 3155 1200 3222 fi
1223 3155 1384 3222 adeo
1415 3180 1652 3248 paucos
1685 3158 1872 3236 alios,
1905 3161 2024 3250 qui
2041 3157 2172 3228 vir-

524 3254 663 3336 tute
692 3272 1044 3349 emineant,
1062 3271 1138 3346 „in
1167 3295 1427 3339 carmen
1454 3270 1645 3353 suum
1666 3273 1931 3353 induxit
1953 3282 2173 3366 poeta,

521 3390 893 3475 argumenti
934 3386 1282 3457 neceflitati
1313 3389 1382 3458 id
1413 3389 1889 3470 condonemuS,
1939 3391 2174 3458 conce·-

529 3496 910 3596 damusque2
944 3502 1271 3574 haetenus
1321 3505 1748 3576 Homericam
1799 3508 2061 3599 copiam
2104 3520 2169 3575 et

1233 3610 1236 3613 Δ
1701 3663 1705 3667 ·
1787 3623 2168 3696 varietatem
