2294 4030
643 209 1163 289 AENEIDOS,
1224 212 1421 282 LIB.
1480 212 1560 276 v,
1789 217 1909 300 643

254 391 409 433 uiatico
419 388 604 432 acumine
617 387 794 442 dignius.
853 388 940 428 Nee
951 387 1099 428 veritas
1116 385 1240 436 inestg
1267 394 1430 428 tantum
1440 387 1554 428 enim
1575 387 1721 439 abfuit,
1746 399 1795 432 ut
1818 390 1911 434 caeli

257 455 460 510 marisque
476 451 763 505 tranquillitati
781 450 996 505 1²alinurus
1023 450 1199 491 nimium
1213 448 1449 498 confideret,
1484 459 1532 492 ut
1554 451 1690 506 potius
1705 452 1830 496 nin-,32
1848 455 1912 498 se,

197 561 201 565 .
255 521 430 564 duntate
446 526 653 574 peccaret3
679 529 728 556 eo
742 515 866 565 enim,
884 515 995 570 quod
1006 513 1137 569 quieti
1155 513 1251 555 dare
1269 513 1310 555 sc
1326 512 1474 564 nollet,
1484 515 1685 565 commisit
1701 525 1749 558 ut
1765 518 1911 561 somno

255 583 464 640 appi-effus
477 581 581 623 mari
598 588 865 633 mergeretur.
922 578 1029 619 Mihi
1047 579 1202 632 itaque,
1213 590 1306 618 cum
1320 590 1371 618 ex
1390 577 1475 632 ipsa
1486 591 1546 628 re,
1560 588 1653 621 tum
1670 581 1797 633 exiis,
1810 595 1906 638 quae

257 665 285 694 e
301 648 506 691 veteribus
531 643 818 686 Grammaticis
837 643 975 696 pauno
1002 651 1097 683 ante
1123 641 1303 696 appofita
1321 641 1430 691 sunt,
1460 641 1520 683 ita
1541 643 1798 686 statuendum
1826 647 1908 690 effe

257 711 444 754 videtur:
476 712 650 750 Poetam
663 705 863 760 reliquiss'e
881 707 1025 746 ultima
1044 706 1164 759 hujus
1176 705 1270 746 libri
1283 719 1365 746 non
1382 705 1476 746 satis
1492 705 1708 757 elaborata,
1720 709 1908 766 interque

256 775 346 819 haec
363 788 459 816 eum
476 772 600 814 verba
625 774 784 819 AEneae,
812 769 862 810 de
882 769 1065 810 Palinuri
1083 769 1168 809 fato
1187 768 1407 822 conquesti,
1431 777 1527 810 ante
1555 771 1620 811 Sic
1644 773 1766 827 satur
1794 776 1906 818 lacri-

256 855 372 888 mans,
390 837 571 879 nondum
586 832 876 888 interposuiffe.
933 833 1104 874 varium
1122 833 1224 872 adeo
1241 842 1284 873 et
1295 833 1489 883 Tuccam,
1511 846 1606 875 cum
1617 835 1907 884 constituerent

259 902 492 950 AEnddem,
518 897 667 940 haefiss'e
681 897 723 937 in
737 897 783 939 h.
797 896 827 938 l.
861 906 902 936 et
921 897 1056 951 primo
1073 896 1240 936 initium
1252 895 1346 936 libri
1355 897 1454 937 sexti
1467 910 1517 939 ex
1539 897 1611 938 suo
1629 898 1798 952 judicio,
1819 916 1904 946 non

255 966 352 1010 satis
367 976 501 1015 acuto,
525 962 694 1004 averbis
721 962 783 1002 Sic
799 961 917 1017 fatur
931 962 1127 1002 lacrimans
1149 959 1307 1009 fecifl'e3
1334 961 1650 1015 repugnantibus
1659 963 1761 1014 aliis,
1789 967 1859 1021 qui
1877 982 1903 1010 a

255 1033 376 1075 versu
402 1022 607 1073 Obvertunt
626 1027 756 1083 pelago
786 1026 937 1069 librum
955 1026 1110 1066 sextum
1123 1024 1414 1066 exordiendum
1426 1026 1658 1078 censebant3
1683 1038 1789 1081 tum,
1803 1045 1902 1074 eum

254 1099 346 1156 post
371 1096 502 1139 Multa
523 1108 661 1149 gemens
683 1090 833 1150 qasuque
848 1094 1002 1132 animum
1020 1093 1192 1147 conctgffus
1209 1092 1314 1131 amici
1329 1091 1452 1132 verba
1464 1092 1608 1134 AEneae
1622 1098 1903 1150 conquerentis

260 1171 335 1205 aut
353 1159 463 1201 nulla
482 1166 551 1198 aut
569 1169 651 1196 non
663 1155 756 1196 satis
773 1154 948 1208 expolita
961 1153 1098 1203 essent,
1124 1162 1194 1194 aut
1207 1166 1255 1194 ex
1267 1153 1331 1194 his
1347 1164 1418 1196 aut
1433 1169 1455 1195 e
1467 1156 1537 1196 suo
1556 1157 1718 1212 ingenio
1730 1161 1812 1202 duo
1824 1161 1900 1207 ho.

254 1224 394 1268 versun
411 1218 700 1278 interposuiss'e,
727 1231 778 1261 ne
790 1227 884 1260 ante
895 1216 1048 1259 verba:
1093 1217 1156 1260 Sic
1169 1217 1289 1271 satur
1303 1217 1518 1272 -lacrimans,
1542 1221 1671 1264 oratio
1696 1223 1845 1268 hiaret,
