2372 4030
465 438 632 492 XCII
769 413 1037 501 DISQ
1056 411 1146 482 ΙΙ.
1197 411 1330 487 DE
1359 412 1578 486 RER.
1615 413 1726 487 IN
1751 414 1939 489 AEN0

465 595 760 687 quietem
783 592 1018 658 AEneae
1053 589 1144 656 dii
1175 590 1368 680 pat-rii
1401 591 1924 686 diremerantap.
1954 593 2126 664 Dio..

460 709 603 803 nys.
656 710 711 785 I,
760 707 875 795 56.
973 704 1315 795 Descripta
1369 720 1433 771 et
1490 703 1635 772 haec
1683 731 1719 773 e
1765 709 2022 777 Catone
2050 712 2123 779 in

463 825 716 916 origine
761 821 974 913 gentis
1031 820 1378 896 Romanae,
1431 842 1634 909 quem
1689 843 1767 885 eo
1807 835 1950 888 toto
1978 824 2127 891 loeo

461 937 820 1030 Dionyfius
855 934 1146 1026 sequitur
1161 964 1184 1010 3
1232 956 1391 998 nam
1453 933 1732 1000 totidem
1786 935 2006 1004 verbis
2036 961 2123 1008 ex

462 1058 582 1125 illo
610 1055 779 1122 libro
808 1052 1111 1141 leguntur
1139 1045 1256 1120 ista
1287 1069 1394 1138 ap.
1428 1049 1639 1117 Auct.
1677 1047 1756 1120 de
1789 1050 1878 1119 O.
1910 1052 2003 1122 G.
2028 1054 2140 1124 R.‘

465 1195 525 1242 C.
567 1195 591 1238 Ι
610 1192 648 1239 2
681 1181 850 1237 Cth‘ae

560 1399 686 1466 IX.
719 1397 994 1467 Latinus
1030 1394 1242 1461 Fauni
1265 1394 1528 1462 oraculo
1561 1395 1853 1465 monitus
1888 1397 2122 1478 fuerat,

463 1530 538 1581 ut
571 1534 885 1603 generum
916 1508 1032 1574 fibi
1062 1506 1340 1574 sumeret
1392 1522 1778 1575 extraneum
1829 1513 2120 1603 aliquem

467 1644 530 1692 et
562 1649 713 1693 cum
744 1647 822 1689 eo
853 1645 1128 1712 regnum
1160 1621 1696 1690 communicaret.
1794 1625 1899 1690 Sic
1931 1627 2122 1718 Virg.

464 1744 627 1810 AEn.
673 1739 831 1814 VII,
885 1736 970 1824 58
1030 1735 1124 1826 sq.
1184 1735 1258 1801 81
1313 1737 1410 1826 sq.
1449 1756 1588 1823 254
1615 1735 1715 1827 sq.
1814 1740 1997 1807 Paria
2041 1764 2126 1810 ex

469 1858 718 1921 Catone
748 1858 910 1943 <non
937 1874 1018 1915 ex
1053 1852 1142 1917 O.
1186 1848 1481 1942 Lutatio)
1518 1851 1736 1940 prodit
1771 1853 2006 1921 Victor
2042 1855 2122 1922 de

468 1972 558 2038 O.
607 1972 698 2035 G.
735 1969 1100 2055 R—utpole
1132 1969 1243 2056 qui
1268 1965 1609 2057 (Latinus)
1647 1969 1711 2032 in
1728 1969 1839 2034 hoc
1885 1971 2124 2059 corssli-

468 2107 567 2150 um
626 2079 992 2148 auc‘loritate
1035 2078 1344 2143 numinum
1405 2080 1731 2166 cogebatur
1768 2109 1794 2155 3
1865 2104 2120 2174 namque

468 2200 631 2266 extis
657 2222 729 2264 ac
762 2194 1013 2287 somniis
1032 2196 1215 2282 saepe
1261 2195 1599 2264 admonitus
1653 2212 1789 2267 erat
1837 2197 2122 2265 tutiorem

443 2317 526 2404 st
555 2311 846 2399 adveffits
867 2309 1055 2394 hostes
1077 2309 1254 2394 fore,
1277 2309 1352 2397 st
1401 2308 1606 2398 eopia-s
1628 2311 1793 2395 filas
1843 2334 1975 2377 cum
2007 2311 2118 2377 ad-

469 2428 647 2496 venis
674 2420 1089 2513 con'unxfft.

564 2655 651 2721 X.
682 2651 991 2719 Similiter
1013 2651 1213 2718 etiam
1235 2651 1301 2718 in
1321 2652 1593 2729 caeteris,
1613 2676 1761 2744 quae
1782 2653 1864 2722 ab
1887 2654 2118 2727 AEneae

469 2773 540 2839 in
573 2769 754 2835 Italia
777 2765 949 2857 gesta
982 2765 1152 2842 sunt,
1178 2774 1443 2857 poetam
1476 2768 1546 2834 id
1577 2768 1795 2860 egisse,
1844 2787 1918 2838 ut
1947 2773 2120 2839 anti-

469 2910 631 2981 quas
679 2883 971 2952 historias
1025 2883 1542 2976 narrationesque
1596 2884 1678 2950 de
1732 2886 2008 2954 oraculis
2054 2902 2121 2952 et

470 2998 734 3067 ostentis
787 2994 914 3062 suis
969 2995 1251 3062 confiliis
1293 2997 1838 3076 accommodaret,
1886 3023 1970 3067 ex
2004 2999 2119 3067 iis-

472 3115 625 3180 dem
653 3112 1025 3179 audioribus
1058 3112 1308 3178 clarum
1359 3111 1471 3188 est,
1520 3128 1585 3178 et
1639 3111 1813 3180 infra
1846 3137 2118 3206 quoque

471 3230 584 3297 suo
607 3230 753 3294 loco
778 3225 1107 3316 figillatim
1129 3225 1524 3292 monebitur.
1577 3227 1800 3316 Qam
1830 3226 2118 3296 austori-

470 3359 671 3410 tatem
705 3344 773 3409 in
804 3342 1062 3410 excidio
1096 3344 1389 3434 Trojano
1431 3342 1740 3435 sequutus
1774 3344 1876 3425 fit,
1907 3343 2122 3439 pluri·-

468 3457 590 3532 bus
626 3459 1022 3530 Excurfibus
1054 3460 1136 3530 ad
1160 3462 1284 3530 lib.
1312 3461 1378 3531 II
1409 3459 1860 3532 declarabitur.

1199 3607 1211 3620 ”
1827 3598 1932 3667 XI
1940 3649 1957 3668 .
2006 3597 2117 3668 Ex
