2294 4030
660 309 807 370 AD
877 309 1350 376 LIBRUM
1414 314 1528 378 vr.
1795 324 1902 383 κω

226 461 233 472 “
271 455 385 512 litae.
420 492 441 506 ..
470 464 664 515 Placere
705 479 891 532 poterat
921 469 1143 519 >doeh-ina
1185 472 1284 522 haec
1325 473 1404 522 vel
1426 473 1657 524 novitate
1703 475 1800 533 sua,
1833 477 1913 526 vel

271 537 543 604 ingeniosa
541 542 651 592 viri
693 543 932 593 doc‘tiffimi
969 547 1290 603 exornatione,
1323 549 1400 598 vel
1449 549 1547 615 ipsa
1588 551 1687 600 veri
1720 553 1911 608 fiducia,

270 628 379 661 cum
403 632 495 679 qua
532 617 591 665 ab
622 634 680 666 eo
719 621 924 683 exposita
949 622 1026 668 est.
1095 623 1268 689 Neque
1307 623 1361 672 id
1395 625 1561 690 negari
1599 626 1761 683 velim,
1794 629 1909 678 nihil

269 689 460 738 omnino
498 693 750 742 narrationi
773 695 1049 758 Virgilianae
1087 713 1194 745 cum
1225 698 1468 747 Eleusiniis
1497 700 1641 749 initiis
1661 703 1746 750 effe
1780 720 1912 753 com-

269 778 425 812 mune.
491 766 615 815 Illud
652 769 776 815 enim
809 785 868 816 ex
908 767 1065 817 multis
1105 769 1261 835 paslim
1291 785 1502 822 veterum
1537 775 1673 830 locis,
1708 779 1912 830 maxime

268 853 331 886 ex
366 839 683 906 Aristophanis
714 843 880 899 Ranis,
915 845 1041 899 loc0,
1066 863 1160 909 quo
1195 847 1371 896 Bacchi
1393 849 1450 896 ad
1482 838 1653 898 inferos
1677 850 1910 902 descensus

269 914 507 963 exhibitus
531 918 612 969 est,
646 918 907 966 Claudiano
940 918 999 966 de
1038 921 1099 967 R.
1140 921 1352 986 Proserp.
1386 924 1468 972 lib.
1509 923 1552 979 I,
1588 925 1701 991 619,
1738 928 1908 975 Pausa-

270 984 348 1037 nia
377 990 460 1038 lib.
486 988 550 1046 X,
582 1009 630 1055 p.
660 994 772 1057 876,
807 994 1062 1042 Luciano
1049 1013 1098 1044 in
1130 997 1348 1060 Cataplo,
1385 998 1647 1049 Themistio
1677 1002 1800 1066 apud
1826 1004 1907 1067 J0.

272 1065 505 1114 Stobaeum
543 1079 591 1115 et
629 1069 688 1116 al.
724 1069 831 1117 satis
871 1072 1075 1118 constare
1112 1072 1360 1129 videtur,
1348 1074 1422 1129 1is,
1459 1075 1541 1139 qui
1589 1076 1908 1133 initiarentur,

267 1139 543 1226 symbolica
560 1142 716 1207 aliqua
751 1145 1154 1208 repraesentatione
1187 1147 1369 1210 piorum
1415 1149 1758 1214 impiorumque
1789 1169 1908 1217 prae-

269 1215 368 1264 mia
411 1233 466 1264 ac
511 1234 674 1283 poenas
718 1221 817 1284 post
854 1221 972 1269 hanc
1006 1222 1150 1270 vitam
1177 1223 1304 1271 fuisse
1339 1225 1611 1289 propositas,
1645 1226 1847 1290 resque
1834 1245 1910 1275 m-

267 1290 409 1348 seras,
441 1293 695 1341 Tartarum
735 1311 844 1342 curn
880 1294 1054 1358 Elysio,
1088 1298 1379 1352 monstratas,
1413 1299 1576 1346 eadem
1612 1300 1712 1347 fere
1734 1301 1906 1365 specie,

268 1381 362 1429 qua
396 1366 445 1414 in
470 1367 602 1416 sexto
634 1367 842 1417 AEneidis
878 1369 1002 1419 libro
1038 1371 1332 1420 exhibentur.
1404 1374 1499 1421 Etsi
1539 1391 1652 1422 vero
1685 1377 1773 1424 hoc
1811 1395 1907 1425 ma-

264 1441 476 1490 nifestum
513 1444 592 1498 est,
626 1460 732 1492 curn
771 1457 929 1493 tamen
974 1446 1316 1509 repraesentatio
1357 1448 1436 1496 illa
1484 1449 1728 1505 Eleusinia,
1766 1466 1813 1499 ut
1845 1469 1906 1501 ex

266 1515 426 1565 iisdem
463 1518 578 1567 locis
616 1519 870 1586 intelligas,
918 1521 976 1569 ad
1016 1522 1232 1586 vulgares
1284 1524 1480 1577 fabulas,
1531 1525 1904 1590 philosophorum

268 1592 564 1640 vetustiorum
606 1591 815 1642 dostrina
854 1595 1059 1659 primum
1107 1597 1155 1643 in
1200 1598 1431 1645 Graeciam
1469 1598 1637 1653 illatas,
1684 1613 1907 1666 attempe-

270 1681 371 1716 rata
410 1668 581 1726 fuerit‘‚
618 1687 711 1718 non
753 1670 905 1719 minus
935 1671 1236 1719 demonstrari
1272 1672 1392 1736 posse
1432 1673 1545 1720 velis
1571 1690 1754 1738 quoque
1795 1678 1903 1733 hoc,

265 1743 521 1808 Virgilium
543 1761 634 1793 non
659 1746 844 1795 aliunde
866 1748 992 1795 suam
1015 1747 1274 1795 inferorum
1309 1750 1516 1795 locorum
1546 1747 1902 1813 descriptionem

267 1821 461 1884 petiisse,
490 1838 689 1885 eumque
710 1823 958 1871 Eleusinias
977 1823 1262 1871 ceremonias
1284 1825 1476 1888 vulgare
1500 1837 1577 1871 aut
1608 1826 1794 1874 voluisse
1824 1840 1905 1875 aut

267 1895 479 1959 potuisse,
513 1913 618 1945 cum
655 1914 740 1945 nec
774 1898 921 1963 ipsum
953 1899 1112 1946 iisdem
1153 1899 1289 1946 sacris
1328 1899 1564 1947 initiatum
1601 1902 1685 1947 effe
1716 1904 1906 1956 constet,

266 1988 372 2026 nec,
407 1972 439 2019 fi
461 1972 550 2019 hoc
573 1973 818 2027 constaret,
853 1973 956 2027 talis
979 1973 1192 2039 impietas
1214 1974 1264 2022 in
1287 1974 1570 2023 castissimum
1603 1977 1788 2037 poetam
1824 1994 1907 2024 ca-

268 2046 369 2103 dat,
404 2061 455 2096 ut
491 2065 679 2103 arcana,
714 2049 839 2113 quod
879 2050 1006 2098 nefas
1049 2062 1165 2104 erat,
1200 2051 1259 2097 ad
1297 2051 1512 2112 profanos
1549 2052 1712 2099 efferre
1747 2054 1905 2101 volue-

267 2124 344 2172 rit.
373 2123 375 2125 ’
414 2124 504 2173 Sed
529 2142 586 2172 ne
608 2125 656 2171 in
686 2125 923 2191 ingeniosa
960 2127 1048 2173 hac
1080 2126 1258 2174 Summi
1281 2125 1389 2174 Viri
1418 2126 1657 2189 hypothesi
1692 2139 1904 2177 retexen-

268 2199 331 2247 da
361 2200 702 2248 immorandum
737 2201 810 2255 fit,
843 2201 991 2249 otium
1032 2202 1145 2250 fecit
1179 2202 1253 2249 vir
1291 2201 1466 2254 dobius,
1501 2201 1582 2265 qui
1616 2218 1718 2249 eam
1747 2202 1793 2251 in
1818 2205 1909 2252 fin·

267 2275 420 2341 gulari
453 2275 612 2324 libello
647 2277 873 2336 (Critical
906 2277 1219 2339 ObJZ³rvations
1254 2297 1304 2324 on
1348 2277 1418 2324 the
1443 2278 1572 2340 sixth
1606 2279 1718 2324 Book
1757 2285 1814 2342 ⁰f
1833 2280 1907 2327 the

264 2354 455 2407 AEneid,
487 2351 636 2401 Lond.
677 2354 872 2416 1770.),
904 2354 1058 2416 paullo
1094 2352 1243 2400 acrius
1276 2368 1416 2416 quam
1452 2351 1584 2406 velis,
1619 2353 1907 2415 perstrinxit.

266 2427 378 2476 Hoc
401 2426 616 2491 equidem
652 2426 773 2475 inter
795 2441 960 2476 caetera
992 2428 1292 2476 doffiflimum
1329 2426 1567 2474 Praesulem
1602 2428 1788 2492 posuisse
1820 2447 1906 2478 no-

262 2503 365 2556 lim,
400 2503 774 2567 quandoquidem
797 2503 846 2551 id
884 2503 1199 2552 alienissimum
1239 2503 1301 2550 est
1331 2502 1389 2549 ab
1423 2501 1628 2549 AEneidis
1663 2516 1823 2552 natura
1857 2517 1905 2555 et

266 2577 472 2633 consilio,
508 2580 713 2641 poetam,
750 2579 952 2627 Platonis
997 2596 1050 2627 ac
1098 2577 1341 2628 Ciceronis
1388 2577 1617 2639 exemplo,
1652 2580 1907 2643 rempubli-

265 2667 374 2701 cam
409 2652 616 2700 carmine
661 2651 795 2716 epico
838 2653 1062 2708 condere,
1112 2653 1401 2714 AEneamque
1447 2650 1765 2714 legumlatoris
1798 2671 1907 2717 per-

267 2727 377 2776 feffi
421 2728 660 2790 exemplar
691 2745 949 2792 proponere
997 2727 1215 2782 voluiffe3
1249 2741 1432 2790 quoque
1475 2725 1615 2773 modo
1668 2727 1907 2777 Homerus

266 2803 492 2857 ethicum,
527 2819 580 2851 ac
603 2802 827 2851 Miltonus
851 2802 1115 2868 religiosum
1154 2800 1403 2854 ediderint,
1437 2799 1502 2847 ita
1540 2816 1567 2847 a
1590 2800 1797 2866 Virgilio
1828 2804 1901 2852 ci-

268 2878 361 2926 vile
396 2878 472 2926 seu
501 2878 744 2943 politicum
782 2897 893 2945 epos
925 2879 1165 2928 conditum
1196 2877 1300 2924 effe.
1383 2876 1487 2924 Nec
1527 2875 1677 2924 minus
1718 2878 1821 2926 leve
1859 2893 1908 2928 et

266 2953 502 3004 infirmum
524 2955 604 3010 est,
637 2956 762 3020 quod
799 2957 946 3005 altero
981 2959 1084 3005 loco
1121 2952 1287 3021 posuit,
1321 2951 1496 2999 nullum
1530 2952 1714 3016 legibus
1754 2955 1904 3003 feren‘

268 3029 343 3078 dis
381 3029 601 3079 idoneum
640 3031 790 3080 virum
821 3032 933 3080 olim
967 3031 1114 3085 fuiffe‚
1153 3027 1262 3093 quin
1308 3027 1484 3076 arcanis
1523 3025 1659 3074 sacris
1698 3027 1907 3078 initiatus

265 3106 390 3154 esl'et.
457 3107 642 3173 Qotus
678 3107 803 3155 enim
845 3106 1033 3171 quisque
1078 3105 1199 3152 inter
1234 3101 1458 3155 Minoes,
1481 3102 1772 3158 Charondas,
1806 3105 1904 3153 Za-

264 3176 423 3229 leucos
466 3183 548 3238 est,
596 3199 735 3247 quem
779 3181 1016 3230 Eleusiniis
1057 3179 1203 3229 initiis
1248 3177 1478 3224 imbutum
1535 3177 1622 3224 effe
1662 3178 1902 3243 quisquam

267 3255 549 3305 tradiderit?
586 3256 703 3324 Qae
745 3256 903 3305 omnia
946 3272 1053 3304 cum
1094 3256 1184 3302 sine
1225 3253 1409 3299 auetore
1447 3251 1632 3315 prodita
1667 3253 1769 3307 sint,
1804 3265 1903 3302 tum

268 3329 498 3380 Eleusinia
533 3329 664 3378 initia
704 3331 763 3379 ab
799 3331 956 3378 AEneae
1010 3327 1298 3394 temporibus
1343 3340 1390 3374 et
1443 3338 1575 3373 aetate
1622 3326 1907 3390 aliq-uantum

263 3404 369 3453 sunt
390 3417 588 3460 remota,
619 3404 679 3452 ad
703 3407 943 3454 Avernum
971 3417 1124 3452 autem
1161 3398 1556 3464 Necyomantium
1595 3398 1783 3463 quidem
1816 3403 1906 3449 ali-

219 3530 223 3533 .
265 3478 455 3543 quando
474 3479 732 3530 inclaruisse
765 3491 1002 3531 narratum
1037 3480 1116 3536 est,
1151 3475 1283 3528 initia
1314 3488 1469 3525 autem
1499 3473 1591 3522 ulla
1620 3474 1668 3524 in
1695 3471 1908 3600 hist-logie

1786 3568 1828 3600 ιιι
1863 3569 1911 3608 ε,
