2294 4030
624 318 771 382 AD
840 318 1310 383 LIBRUM
1379 321 1430 383 1.
1734 341 1850 404 151

275 486 421 556 Qod
456 487 577 538 inter
623 489 850 554 praesentis
895 488 1094 537 numinis
1124 489 1250 554 figna
1286 492 1474 542 refertur
1520 501 1671 554 gratus
1716 490 1848 545 odor,

211 568 350 627 'Quem
386 565 474 612 five
515 576 662 613 totum
702 582 863 628 corpus
899 566 984 612 five
1024 582 1156 612 coma
1199 565 1408 612 exhalat:
1464 568 1533 613 uti
1567 567 1616 614 in
1655 566 1849 624 Venere,

214 635 263 685 h.
286 679 287 682 ,
309 639 342 685 l.
375 638 666 703 ambrofiaeque
717 657 842 686 comae
876 642 1070 685 divinum
1104 646 1263 685 vertice
1295 639 1450 685 odorem
1492 640 1748 701 Spiravere;
1802 654 1849 688 et

215 709 380 758 Dian‘ae
410 728 492 760 nec
526 711 575 758 in
597 711 853 774 adspeflum
874 709 1138 776 prodeuntis
1159 710 1390 775 praesentia
1426 728 1482 758 ex
1515 712 1675 759 divino
1707 713 1849 761 odore

213 785 476 847 agnoscitur
511 783 571 830 ab
614 784 875 848 Hippolyto
920 782 1039 848 apud
1064 782 1222 846 Eurip.
1251 782 1446 846 Hippol.
1479 800 1591 846 1391
1621 802 1632 831 ε
1668 784 1718 830 id
1747 785 1849 849 qui·

212 856 317 905 dem
350 858 536 905 duetum
565 857 624 904 est
649 873 706 904 ex
737 858 926 921 antiqua
945 857 1056 911 vita,
1091 856 1272 919 quando
1294 855 1432 920 regiae
1467 856 1706 919 opulentiae
1738 870 1849 919 erat,

211 930 456 996 unguentis
472 931 679 978 suavibus
700 932 956 979 delibutum
989 946 1150 993 corpus
1170 929 1352 983 habere,
1377 941 1611 993 antequam
1646 931 1848 993 frequen-

211 996 406 1054 't‘io'ribus
428 1005 713 1054 'commerciis
732 1006 864 1070 copia
886 1007 1054 1068 majore
1085 1017 1131 1051 et
1150 1004 1434 1068 expeditiore
1451 1005 1597 1051 sumtu
1622 1019 1848 1068 unguenta

210 1072 330 1128 Afiae
351 1080 399 1129 in
420 1077 647 1146 Europam
660 1080 788 1128 illata
810 1080 926 1128 sunt.
995 1082 1040 1125 A
1065 1096 1220 1143 regum
1243 1091 1391 1125 autem
1424 1079 1554 1135 luxu,
1587 1079 1730 1142 qualis
1749 1092 1847 1128 tum

210 1167 324 1212 erat,
348 1155 613 1202 adumbrata
649 1155 837 1202 deorum
870 1155 982 1211 vita,
1002 1154 1201 1216 adeoque
1221 1152 1269 1198 in
1306 1169 1407 1199 eam
1425 1154 1677 1200 traduCtum
1711 1154 1847 1202 etiam

209 1242 489 1298 unguentum
509 1230 725 1278 ambrofia
745 1229 933 1277 dietum.
1001 1228 1077 1275 Sic
1106 1228 1163 1274 de
1185 1225 1365 1288 Junone
1385 1225 1519 1275 Iliad.
1543 1229 1586 1284 ξ,
1624 1245 1710 1292 170
1748 1227 1845 1292 sqq.

158 1336 160 1338 -
203 1314 253 1349 et
273 1304 331 1351 de
353 1302 531 1352 Venere
553 1303 711 1366 Odyff.
747 1302 795 1359 S,
834 1303 942 1365 364.
967 1303 1056 1366 365
1082 1312 1126 1349 et
1148 1300 1244 1364 sup.
1271 1301 1446 1364 Georg.
1485 1300 1576 1357 IV,
1612 1319 1703 1367 415
1743 1302 1842 1365 sqq.

209 1375 319 1424 Hoc
337 1388 486 1425 tamen
504 1376 674 1424 divinae
695 1390 864 1423 naturae
896 1385 1211 1439 argumentum
1241 1390 1331 1419 non
1361 1373 1444 1420 nist
1481 1373 1529 1420 in
1550 1375 1844 1437 elegantiori-

206 1446 291 1499 bus
326 1451 416 1500 diis
455 1453 610 1500 locum
651 1451 814 1498 habere
844 1452 1012 1515 potest3
1047 1461 1099 1496 ut
1138 1450 1184 1495 in
1231 1448 1407 1496 Venere
1441 1460 1486 1495 et
1518 1449 1761 1513 Apolline3
1793 1450 1845 1496 in

208 1515 365 1573 Diana
404 1519 541 1574 etiam
581 1543 652 1590 ap.
699 1525 861 1589 Eurip.
904 1525 937 1572 l.
979 1540 1053 1580 c.;
1089 1523 1137 1570 in
1161 1521 1295 1569 Flora
1318 1523 1435 1585 apud
1457 1523 1600 1570 Ovid.
1639 1524 1751 1572 Fast.
1778 1523 1843 1582 V,

214 1600 335 1664 37'6:
372 1593 459 1647 alia
481 1601 686 1664 exempla
708 1618 750 1648 v.
775 1617 847 1663 ap.
873 1595 1083 1645 Burman.
1107 1597 1165 1643 ad
1191 1596 1381 1643 Anthol.
1406 1596 1508 1644 Lat.
1533 1597 1623 1653 IV,
1663 1615 1737 1660 13,
1764 1616 1842 1660 30.

206 1671 429 1738 Infignius
451 1674 622 1722 caeteris
655 1675 713 1721 est
738 1674 789 1720 in
815 1673 1004 1735 Hymno
1028 1672 1218 1718 Homer.
1244 1671 1291 1717 in
1328 1672 1435 1719 Cer.
1463 1689 1557 1737 ²74
1578 1672 1694 1735 sqq„
1719 1675 1842 1737 quod

205 1763 450 1809 apponam,
474 1748 581 1813 quia
603 1748 774 1811 reliqua
795 1762 974 1809 quoque
996 1743 1220 1809 praesentis
1243 1745 1438 1792 numinis
1469 1758 1728 1810 argumenta
1758 1747 1840 1794 sub

204 1818 437 1867 disceffum
462 1821 690 1871 continet:
729 1825 777 1869 ὣς
819 1822 993 1867 εἷποῧσοι
1031 1818 1110 1866 Sed
1151 1818 1327 1878 μέγεθός
1361 1841 1405 1867 τε
1445 1820 1519 1868 καί
1544 1821 1639 1867 εἶδος
1659 1821 1840 1878 ἄμειψε,

208 1899 342 1955 sileas
362 1896 636 1950 ἀπωσαμένη·
660 1895 759 1956 ‘nega'
777 1897 819 1940 τ’
855 1895 971 1955 ἀμφί
992 1913 1036 1940 τε
1068 1895 1220 1939 κάλλος
1249 1895 1373 1950 dim-o,
1396 1894 1526 1953 Ὀδμῆ
1550 1895 1588 1940 δ’
1619 1895 1841 1957 ἶμεςόεσσοι

204 1964 399 2016 ’θυηέντων
419 1968 504 2014 aiz-3
544 1972 710 2015 πέπλων
754 1967 972 2016 Σκίδνοιτο.
999 1974 1098 2018 τῆλε
1123 1969 1162 2016 δὲ
1187 1974 1338 2030 φέγγος
1360 1971 1442 2017 ἀπὸ
1465 1971 1588 2032 χξοός
1608 1968 1838 2018 ἀθανάτοιο

204 2044 363 2102 Λάμπε
399 2043 511 2096 ἓεῆς,
547 2043 680 2101 ξανθὴ
716 2043 756 2091 δὲ
792 2046 897 2102 κόμη
925 2042 1180 2093 κατενήνοθεν
1220 2048 1366 2102 ὤμους·
1401 2050 1539 2104 ΑἰὛῆς
1577 2044 1612 2090 δ’
1647 2044 1839 2096 ἐπλήσθη

199 2118 364 2164 πυκινὸς
399 2116 534 2175 δόμος,
567 2119 769 2180 σἰςεξοπῆς
805 2119 870 2164 ὡς·
896 2124 952 2168 Βῆ
991 2118 1031 2165 δὲ
1064 2117 1119 2164 δι’
1156 2122 1201 2165 ἐκ
1234 2121 1440 2181 gnydem.
1506 2117 1727 2166 Videmus
1762 2120 1838 2167 hic

194 2188 285 2256 jsub
318 2192 552 2239 discessum
589 2191 767 2239 Cereris
789 2191 984 2240 formam
1020 2193 1225 2240 divinam
1248 2205 1498 2257 receptam:
1535 2193 1837 2257 pulchritudi-

200 2275 326 2322 nem,
358 2265 629 2314 ambrosium
666 2266 873 2324 odorem,
910 2269 1104 2316 candens
1138 2278 1317 2331 corpus,
1350 2283 1527 2314 comam
1562 2267 1837 2330 promiffam;

197 2338 346 2387 lucem
381 2357 461 2405 per
501 2341 690 2405 domum
725 2340 885 2389 fusam.
954 2341 1213 2388 Imitatione
1246 2357 1426 2404 quoque
1461 2341 1654 2405 expressa
1686 2358 1753 2389 res
1787 2341 1837 2387 in

199 2413 409 2477 templis:
436 2431 479 2461 v.
504 2430 544 2461 c.
569 2416 626 2462 de
649 2414 750 2461 Dea
772 2414 904 2477 Syria
925 2427 971 2462 et
990 2415 1040 2462 in
1061 2415 1234 2463 teletis:
1260 2427 1310 2460 ut
1330 2431 1403 2479 ap.
1429 2416 1598 2479 Apulei
1618 2414 1708 2463 XI.

199 2495 201 2497 ’
265 2490 325 2538 Et
358 2490 410 2538 hi
431 2490 614 2554 quidem
638 2491 794 2555 priscae
813 2502 857 2538 et
877 2491 1019 2555 epicae
1040 2491 1224 2555 poeseos
1245 2490 1460 2554 praecipui
1480 2490 1606 2538 modi
1627 2490 1832 2539 divinam

197 2564 480 2629 praesentiam
515 2566 795 2622 declarandi,
829 2566 960 2630 super
993 2566 1157 2630 quibu-s
1179 2565 1318 2612 multa
1340 2565 1499 2629 poffint
1519 2564 1721 2628 argutius
1742 2565 1830 2612 dis-

198 2639 368 2703 putari,
402 2640 485 2688 nifi
518 2642 607 2688 hoc
643 2657 669 2687 a
697 2640 885 2687 confilio
919 2642 1069 2688 nostro
1096 2641 1199 2687 esset
1233 2638 1455 2696 alienum3
1490 2651 1535 2686 et
1565 2640 1708 2686 facere
1742 2640 1829 2686 hoc

201 2713 347 2765 cuivis
369 2717 424 2764 ex
446 2710 747 2780 superioribus
768 2716 827 2762 est
851 2714 900 2762 in
919 2727 1118 2779 promtu.
1185 2713 1385 2780 Qando
1405 2726 1555 2761 autem
1576 2715 1632 2760 de
1654 2712 1832 2776 origine

198 2798 248 2836 et
274 2792 418 2840 cauffa
450 2792 581 2855 hujus
604 2789 924 2857 phantasmatis
944 2790 1180 2838 hominum
1204 2788 1426 2835 mentibus
1460 2787 1639 2834 subnati
1672 2787 1830 2851 quaeri-

199 2874 295 2922 tur,
326 2864 602 2931 ablegandus
633 2867 693 2912 est
724 2866 866 2913 lector
898 2865 958 2910 ad
985 2864 1105 2912 Exc.
1145 2863 1170 2909 I
1205 2863 1262 2909 ad
1297 2861 1379 2910 lib.
1418 2861 1513 2918 IX,
1549 2865 1657 2922 638.
1724 2861 1829 2908 Nec

195 2948 350 2987 tamen
382 2942 729 2990 existimandum
768 2942 844 2996 est,
883 2941 1050 3004 semper
1083 2940 1178 2986 haec
1212 2950 1305 2985 tam
1328 2950 1533 2985 accurate
1553 2949 1596 2984 et
1617 2935 1780 2984 diserte
1801 2951 1828 2982 a

199 3011 348 3077 poetis
377 3015 576 3064 tractari.
640 3011 769 3082 Qin
803 3015 913 3073 saepe
946 3013 1051 3061 satis
1087 3013 1281 3074 habena!
1302 3012 1435 3058 deum
1457 3026 1700 3058 memorare
1719 3026 1825 3057 cum

199 3089 382 3137 mortali
417 3097 644 3156 agentem,
677 3107 846 3139 numen
877 3089 1005 3139 suum
1029 3088 1397 3142 manifestantem,
1430 3097 1474 3132 et
1495 3102 1522 3131 a
1542 3086 1722 3132 mortali
1743 3100 1825 3147 ag-

198 3165 367 3221 nitum,
409 3166 532 3213 nulla
567 3178 716 3214 tamen
750 3182 796 3212 re
835 3164 1025 3228 adjecta,
1056 3179 1143 3227 qua
1180 3160 1474 3224 intelligatur,
1506 3158 1734 3222 quomodo
1773 3158 1825 3205 id

197 3236 295 3286 fieri
331 3238 547 3298 potuerit.
612 3239 798 3287 Scilicet
827 3240 923 3303 jam
956 3238 1013 3285 ab
1052 3237 1188 3284 initio
1208 3236 1524 3298 inter-poetam
1547 3246 1593 3281 et
1613 3233 1824 3280 lectorem

194 3311 338 3359 tacito
375 3312 589 3361 consensu
617 3309 900 3368 convenerat,
932 3313 1050 3376 poffe
1076 3323 1122 3358 et
1153 3305 1292 3358 solere
1322 3325 1347 3355 a
1369 3303 1466 3356 ‘diis
1493 3307 1590 3354 fieri
1620 3323 1691 3364 ea,
1723 3319 1824 3368 quae

195 3397 366 3433 naturae
402 3402 574 3434 morem
610 3379 816 3437 deserunt
844 3402 991 3451 eoque
1025 3386 1132 3451 ipso*
1157 3381 1439 3431 mirationem
1466 3381 1666 3439 faciunt.
1730 3378 1822 3426 Ex-

195 3459 346 3523 empla
367 3459 475 3508 vide
497 3453 630 3518 Iliad,
660 3485 701 3519 v,
721 3457 844 3526 ¹319,
866 3461 947 3508 ubi
968 3460 1208 3523 Neptunus
1229 3455 1416 3503 AEneam
1438 3456 1678 3512 non'latet,
1709 3465 1755 3501 et
1775 3474 1820 3516 ς,

196 3534 223 3597 ’3
229 3548 292 3598 34
330 3527 754 3600 Apollinem'sffleffi
778 3542 909 3598 Ἔγνω
945 3535 1102 3584 ἐσάντα
1121 3532 1223 3580 ἰδών.
1288 3531 1404 3580 adde
1421 3528 1555 3582 Iliad·
1575 3533 1628 3587 β,
1655 3528 1759 3594 ¹7²·
1782 3548 1821 3582 ⁵2

204 3612 213 3619 ’
365 3629 371 3633 ’
414 3612 423 3617 “
1153 3605 1201 3655 K
1236 3623 1262 3656 2
1707 3615 1823 3666 794·
