2372 4030
605 284 1120 365 AENEIDOS,
1177 292 1364 357 ΜΒ.
1425 299 1492 360 1.,
1782 326 1852 387 75

233 448 410 510 AErea
436 449 534 510 cui
561 450 841 531 gradibus
868 453 1180 535 surgebant
1205 458 1430 532 limina,
1457 483 1736 546 nexaeque

230 562 374 633 AEre
405 564 591 624 trabes
615 588 628 624 :
673 565 896 626 foribus
926 570 1103 628 cardo
1130 571 1408 631 stridebat
1433 575 1611 636 aenis.

228 674 372 737 Hoc
391 678 659 758 primurn
679 679 740 737 in
758 679 895 738 luco
911 700 1063 740 nova
1082 703 1168 742 res
1188 685 1383 744 oblata
1409 687 1685 751 timorem
1727 711 1847 772 450

228 786 465 860 Leniit;
501 789 598 848 hic
625 789 894 869 primum
921 791 1136 852 AEneas
1164 793 1388 874 sperare
1414 797 1661 862 salutem

282 966 379 1016 448.
407 971 499 1007 nixae
516 967 665 1008 multos
691 967 824 1020 legere
845 967 929 1021 jam
955 969 1114 1010 Servius
1131 973 1299 1014 notavit.
1352 975 1531 1016 Eandem
1548 976 1759 1020 leffionem
1783 996 1848 1022 co-

227 1029 334 1070 dices
360 1046 382 1071 a
418 1022 648 1072 Bai-manno
679 1032 902 1071 enumerati
930 1031 1076 1073 habere
1107 1035 1308 1088 videntur,
1332 1052 1428 1087 non,
1454 1057 1558 1081 nexae.
1628 1045 1757 1084 ‘Trabes
1778 1063 1850 1086 aere

229 1097 328 1134 nixae
348 1096 508 1135 Catroeo
538 1096 766 1144 arriserunt,
793 1105 837 1135 ut
857 1096 932 1136 fint
950 1097 1144 1138 columnae
1165 1113 1285 1141 aeneae
1316 1102 1495 1154 epistylio
1519 1105 1715 1158 subjeetae,
1741 1111 1848 1162 quod

227 1156 327 1197 adeo
357 1157 552 1199 columnae
586 1172 635 1198 ex
654 1172 732 1198 aere
752 1159 964 1199 innititur:
995 1173 1056 1199 res
1083 1161 1166 1214 ipsa
1183 1176 1278 1202 vera
1295 1164 1365 1211 est,
1388 1168 1544 1217 capitulis
1561 1173 1662 1207 aereis
1680 1174 1846 1213 columnas

223 1219 384 1260 ufitatas
402 1221 614 1275 aliquando
631 1222 756 1261 fuiffe.
785 1223 835 1262 cf.
866 1224 972 1262 Plin.
1000 1226 1207 1274 XXXIV,
1233 1240 1270 1277 7.
1326 1228 1542 1268 Enimvero
1566 1232 1614 1270 de
1640 1243 1846 1284 portarum

179 1305 181 1307 ·
224 1285 401 1338 postibus
419 1286 485 1339 agi
506 1299 566 1334 ea,
593 1299 682 1339 quae
701 1287 888 1340 utrinque
910 1287 1206 1340 adjunguntur:
1225 1291 1413 1342 fingebant
1430 1294 1731 1346 limina—firmus
1747 1302 1847 1337 cardo

207 1350 261 1403 st.
282 1365 319 1387 a.
338 1349 430 1389 satis
452 1349 666 1389 declarant.
724 1350 884 1390 Poffent
917 1360 958 1390 et
990 1351 1062 1404 ipfi
1094 1352 1222 1404 postes
1244 1353 1363 1392 aeneis
1396 1353 1548 1395 bafibus
1583 1357 1707 1398 innixi
1735 1361 1842 1401 dici:

221 1426 365 1453 verum
385 1413 436 1453 fic
463 1413 512 1452 de
541 1413 680 1453 limine
712 1413 773 1453 bis
803 1416 924 1467 poe‘ta
951 1415 1409 1469 memoraret.—-—449.
1439 1423 1537 1457 cardo
1551 1422 1623 1474 str.
1641 1424 1763 1461 ahenas
1784 1425 1846 1464 vir

224 1477 366 1518 dostus
383 1476 483 1530 legit
502 1476 667 1516 Miscell.
688 1476 797 1516 Obff.
816 1476 925 1518 Voll.
948 1479 982 1515 II
1003 1481 1049 1517 T.
1075 1481 1090 1517 I
1110 1493 1146 1531 p.
1175 1478 1196 1518 8
1199 1491 1240 1527 5,
1269 1479 1402 1518 inutili
1422 1480 1537 1532 plane
1557 1485 1846 1528 emendatione.

220 1553 422 1591 -—·-450.
451 1542 526 1580 Hic
544 1550 626 1581 tres
642 1555 703 1593 ap.
727 1542 866 1581 Burm.
920 1544 955 1579 in
972 1546 1092 1595 templo
1109 1545 1252 1595 Puget.
1306 1558 1358 1581 res
1375 1545 1492 1582 ablata
1510 1547 1652 1587 Hamb.
1674 1561 1733 1600 pr.

220 1616 316 1656 451.
349 1608 429 1646 Hoc
452 1605 631 1660 primum
652 1605 723 1659 (sc.
749 1605 793 1646 in
822 1606 929 1659 luco)
950 1607 1133 1661 Longob.
1156 1607 1294 1647 Pierii.
1333 1609 1495 1660 specJare
1525 1611 1682 1652 Zulich.
1712 1613 1842 1654 Goth.

214 1679 310 1713 tert.

211 1831 320 1864 vero
359 1815 586 1879 opulentum
627 1814 780 1877 paullo
833 1813 988 1861 durius
1070 1830 1178 1860 mox
1251 1826 1568 1865 memorantur.
1664 1820 1839 1883 Surgere

211 1898 295 1945 pro
312 1883 550 1942 irfiruelum
570 1878 908 1942 accipiendum3
944 1890 988 1924 et

209 1947 269 1993 ad
309 1942 687 2007 magnificentiam
729 1941 904 2006 templi,
937 1942 986 1988 in

207 2027 300 2074 quo
339 2007 574 2067 condendo
613 2006 824 2070 occupati
862 2017 988 2053 erant

209 2072 361 2128 Poeni,
393 2070 706 2119 declarandam
725 2070 866 2134 magis
885 2070 985 2117 ido-

207 2156 293 2188 nea
311 2137 394 2184 ess'e
426 2136 603 2184 videtur
623 2133 748 2198 prior
769 2135 984 2198 interpre-

204 2203 347 2258 tati03
381 2217 525 2264 neque
543 2199 732 2247 omnino
749 2197 798 2245 in
815 2200 984 2262 templo

202 2266 467 2317 exstruendo
508 2262 707 2311 numinis
753 2262 983 2326 praesentia

198 2331 346 2397 operis
365 2329 564 2378 faciendi
583 2343 683 2391 pars
702 2328 777 2374 est.

268 2401 378 2459 448.
425 2409 537 2456 449.
572 2392 651 2438 Ad
693 2391 979 2438 heroicorum

197 2471 453 2524 temporum
487 2455 864 2520 magnificentiam
885 2470 982 2518 per-

201 2524 337 2579 tinet,
371 2523 494 2587 quod
530 2521 684 2571 omnia
720 2537 778 2568 ex
806 2534 891 2566 aere
912 2518 979 2565 fe-

199 2588 285 2638 cit.
359 2587 516 2635 Unam
555 2583 751 2632 laudabo
790 2582 981 2630 Alcinoi

201 2652 375 2717 regiam
394 2649 552 2714 Odyss.
575 2672 619 2705 η,
655 2651 716 2698 86
738 2647 836 2712 sqq.
874 2646 977 2693 Ho-

199 2733 347 2766 merus
387 2716 574 2764 oendem
613 2712 878 2778 elegentiam
921 2710 979 2757 ad

197 2781 392 2831 deorum
462 2779 629 2834 sedem,
704 2777 975 2839 Olympum,

195 2844 434 2896 transtulit.
510 2842 673 2908 Qid?
709 2840 862 2905 quod*
877 2839 975 2885 Ro-

198 2925 294 2957 mae*
346 2908 449 2957 talis
505 2904 838 2971 magnificentia
880 2914 975 2950 erat

194 2972 422 3036 frequens,
453 2972 580 3034 cujus
612 2970 760 3017 adhuc
788 2969 838 3016 in
861 2967 973 3013 Pan-

194 3037 304 3085 theo
340 3035 524 3100 vestigia
562 3033 974 3099 deprehenduntur,

194 3112 247 3148 ut
267 3099 482 3165 Spencius
495 3099 607 3147 bene
624 3097 817 3146 monuit.
881 3095 975 3143 Or-

193 3165 412 3213 natiffime
431 3176 580 3212 autem
601 3162 775 3226 fingula
794 3160 974 3208 extulit.

189 3230 269 3280 AE
271 3248 344 3276 rea
370 3227 575 3294 gradibus
596 3225 832 3292 ficrgebant
865 3223 976 3273 limi-

190 3313 269 3350 na,
303 3293 349 3340 h.
386 3309 428 3341 e.
464 3292 606 3340 limen
637 3301 732 3338 erat
767 3304 824 3336 ex
860 3302 972 3336 aere:

187 3357 267 3407 feu
290 3368 340 3405 ut
358 3355 484 3405 limen
500 3371 582 3420 pro
601 3352 778 3402 foribus
799 3353 973 3400 diCtum

1068 1895 1158 1924 non
1201 1880 1339 1926 modo
1382 1880 1641 1935 aedificium,
1674 1882 1747 1929 sed
1793 1896 1843 1931 et

1067 1941 1264 2006 fingulae‘
1296 1956 1440 2006 partes
1480 1944 1708 2000 dicuntur,
1740 1964 1840 2010 quae

1067 2004 1116 2050 in
1146 2022 1199 2052 eo
1235 2006 1353 2063 sunt,
1385 2008 1590 2071 inprimis
1625 2010 1757 2056 editae
1793 2023 1839 2059 et

1067 2070 1194 2116 altae:
1260 2071 1445 2135 surgunt
1484 2072 1637 2135 itaque
1679 2074 1839 2122 limina

1064 2134 1299 2196 gradibus,
1352 2152 1430 2198 per
1481 2139 1661 2199 graduS‚
1726 2140 1840 2186 fiunt

1065 2198 1271 2260 subjectis
1328 2199 1542 2263 gradibus
1594 2218 1672 2264 per
1726 2219 1840 2264 quos

1064 2262 1122 2308 ad
1157 2278 1208 2308 ea
1240 2263 1541 2311 adscenditur.
1607 2266 1693 2311 Sed
1727 2266 1840 2328 quid

1063 2327 1121 2372 est
1164 2327 1377 2374 alterum:
1413 2347 1535 2374 nexae
1575 2349 1661 2376 aere
1696 2330 1836 2377 trabes

1045 2391 1321 2455 ficrgebant?
1367 2391 1505 2438 trabes
1544 2391 1664 2439 haud
1700 2393 1839 2440 dubie

1061 2454 1160 2500 sunt
1182 2456 1348 2518 postes3
1379 2474 1463 2502 aere
1475 2475 1596 2503 nexa>
1614 2457 1752 2520 vulgo
1776 2457 1836 2504 fic

1061 2517 1208 2582 accipi
1231 2519 1402 2575 videas,
1437 2530 1488 2565 ut
1504 2523 1692 2583 pqstium,
1723 2521 1769 2568 h.
1792 2538 1836 2570 e.

1059 2582 1254 2630 trabium
1276 2599 1333 2629 ex
1352 2583 1498 2646 ligno,
1534 2601 1577 2631 v.
1602 2600 1644 2631 c.
1676 2584 1836 2647 abieg-

1058 2663 1236 2702 narum,
1269 2647 1448 2694 vincula
1497 2658 1542 2693 et
1596 2649 1710 2695 clavi
1759 2649 1841 2696 seu.

1060 2710 1164 2758 unci
1200 2711 1284 2758 fint
1304 2727 1360 2758 ex
1394 2727 1494 2758 aere.
1560 2711 1626 2757 At
1642 2712 1727 2758 hoc
1750 2729 1835 2775 pro

1056 2774 1229 2838 reliqua
1292 2774 1446 2838 templi
1499 2775 1835 2838 magnificentia

1055 2855 1189 2902 quam
1255 2839 1357 2886 effet
1409 2839 1642 2900 jejunum:
1709 2840 1834 2902 quod

1055 2904 1172 2950 reste
1222 2902 1350 2949 senfit
1413 2903 1635 2950 Catroeus.
1732 2902 1834 2950 Alii

1055 2967 1236 3013 indutos
1256 2967 1395 3030 postes
1415 2966 1538 3014 aereis
1555 2964 1734 3012 laminis
1758 2965 1831 3012 in-

1054 3030 1293 3094 telligunt;
1365 3042 1411 3077 at
1463 3046 1545 3076 nec
1597 3028 1683 3076 hoc
1743 3028 1835 3078 five

1053 3094 1194 3142 sensui
1234 3095 1322 3143 five
1357 3092 1537 3157 judicio
1578 3093 1724 3138 nostro
1764 3093 1833 3139 sa-

1054 3158 1238 3207 tisfacit.
1343 3158 1489 3204 Nexas
1551 3174 1637 3202 aere
1690 3155 1833 3203 trabes

1051 3223 1265 3287 putabam
1324 3221 1435 3267 olim
1493 3219 1638 3266 dictos
1690 3220 1835 3282 postes

1052 3286 1183 3335 aeneis
1219 3284 1480 3332 cardinibus
1511 3283 1715 3345 junstos3
1762 3283 1835 3330 id-

1052 3366 1139 3415 que
1181 3361 1327 3422 patere
1369 3348 1442 3394 vel
1483 3362 1540 3393 ex
1583 3345 1833 3395 Claudiani

191 3419 411 3494 accipias,
444 3419 518 3467 seu
540 3429 591 3467 ut
641 3416 974 3491 ropac-dietum
1059 3413 1315 3491 imitatione
1349 3409 1599 3490 XXXIII,
1633 3425 1720 3472 237
1731 3415 1834 3473 fer.

189 3484 264 3557 (Ξῖ)
294 3484 346 3538 td
372 3483 505 3554 'quod
535 3500 582 3540 m
627 3499 685 3545 03
716 3497 826 3550 qula
858 3480 979 3538 fores
1058 3491 1146 3552 rate
1186 3480 1339 3545 peste-55
1399 3477 1669 3549 mrmergsaque
1710 3481 1838 3521 mair

1652 3534 1835 3601 claustr:
