2372 4030
480 343 565 452 3⁸
725 366 795 430 P.
840 362 1886 446 VIRG1L11.MARON15

490 533 631 596 Pars
660 533 723 593 in
753 533 931 614 frusta
957 533 1176 615 secant,
1195 537 1546 620 veribusque
1573 541 1890 613 trementia
1917 542 2148 622 figunt:-

492 648 701 722 Litore
726 647 871 710 aena
897 650 1097 713 locant
1124 653 1246 726 alii,
1275 654 1659 735 flammasque
1686 655 2036 716 ministrant.

496 761 663 825 Tum
694 745 852 827 viEtu
883 783 1167 828 revocant
1195 769 1345 827 vires
1369 791 1383 826 ε
1429 768 1657 848 fufique
1683 789 1792 848 per
1818 769 2066 830 herbam

497 877 812 961 Inplentur
838 881 1055 941 veteris
1084 880 1314 952 Bacchi.
1338 881 1698 962 pinguisque
1729 883 1955 943 ferinae.
2029 900 2143 963 215

499 992 820 1076 Postquam
840 1014 1074 1071 exemta
1087 997 1270 1057 fames
1291 997 1501 1077 epuliS,
1514 996 1853 1076 mensaeque
1870 1013 2148 1059 remotaez

502 1108 759 1168 Amifl‘os
788 1110 972 1191 longo
997 1110 1186 1171 socios
1216 1110 1484 1170 sermone
1507 1112 1864 1190 requirunt3

502 1223 805 1304 Spemque
826 1239 1174 1305 metumque
1191 1226 1345 1285 inter
1356 1225 1546 1299 dubii,
1559 1225 1656 1287 seu
1676 1227 1872 1321 vivere
1889 1226 2154 1300 credant,

559 1403 656 1435 212.
683 1394 832 1435 verubus
866 1395 917 1435 al.
944 1409 984 1435 v.
1014 1395 1121 1436 Pier.
1148 1403 1189 1436 et
1227 1395 1299 1435 inf.
1337 1396 1388 1435 ad
1424 1397 1479 1445 V,
1506 1407 1807 1447 103.-·-·--213·
1836 1400 2035 1451 Littoreque
2064 1401 2156 1438 αἴκα

504 1458 715 1502 Montalb.
760 1463 982 1515 flammg'sque
1008 1463 1177 1516 Hagen.
1197 1463 1307 1516 quod
1339 1463 1493 1502 duflum
1514 1462 1623 1512 esset,
1649 1474 1694 1504 ut
1727 1467 1815 1504 velis
1847 1468 2042 1522 minssrare
2061 1469 2159 1506 ΑΕΒ.

503 1521 579 1570 VI,
598 1535 677 1573 302
698 1533 738 1564 et
757 1525 846 1565 alia.
868 1528 1006 1566 Burm.
1119 1538 1211 1573 214.
1242 1536 1408 1565 renovant
1425 1526 1535 1566 Voss‘.
1558 1544 1590 1568 r.
1612 1531 1740 1567 animos
1761 1531 1894 1583 Sprot.
1917 1543 1964 1570 ex
1993 1542 2073 1571 202
2092 1543 2159 1569 re-

501 1588 694 1641 petitum.
744 1600 813 1643 per
841 1593 962 1631 herbas
992 1605 1095 1631 unus
1123 1591 1262 1630 Heins·
1374 1603 1465 1643 215.
1494 1592 1536 1646 in
1567 1593 1643 1632 fec.
1675 1595 1828 1634 Moret.
1851 1597 2048 1647 ffcjh'ferinae
2065 1587 2159 1636 sub·-

501 1653 688 1707 jungitur
718 1670 853 1695 munere
879 1669 973 1696 cum
1004 1655 1155 1709 gloffa:
1185 1657 1450 1712 hemg'stichinm3
1478 1666 1523 1697 ut
1554 1657 1602 1698 fit
1629 1671 1732 1698 unus
1759 1673 1807 1699 ex
1835 1660 2026 1709 versibus,
2054 1673 2159 1713 quos

504 1718 764 1770 imperfedtos
791 1721 915 1760 Maro
946 1721 1124 1774 reliquit.
1179 1721 1256 1760 Sed
1289 1731 1398 1762 amat
1431 1722 1538 1761 casus
1569 1722 1759 1762 secundos
1793 1726 1930 1763 Maro.
1986 1726 2038 1764 Et
2071 1723 2158 1764 lau-

506 1782 626 1821 datur
652 1782 717 1822 hic
751 1783 832 1836 ipse
864 1785 999 1826 versus
1025 1800 1049 1825 a
1086 1787 1374 1827 Grammaticis
1410 1800 1499 1827 eam
1536 1787 1578 1826 in
1611 1800 1710 1826 rem.
1753 1802 1792 1826 v.
1835 1788 1976 1828 Heins.
2018 1792 2160 1843 farine

504 1846 702 1885 Rottend.
731 1861 796 1905 pr.
827 1858 868 1889 et
896 1849 976 1890 duo
1004 1850 1046 1889 in
1077 1852 1173 1890 Exc.
1205 1851 1319 1890 Cort.
1432 1851 1525 1892 216.
1555 1860 1694 1903 excepta
1706 1851 1755 1906 f.
1786 1851 1947 1892 Zulich.
1967 1867 1991 1893 a
2010 1866 2070 1894 m.
2095 1842 2160 1910 pr.

503 1911 667 1964 eaefstinbi'a
697 1911 851 1951 Hamb.
885 1927 946 1967 pr.
999 1916 1109 1967 epulis
1133 1922 1266 1953 exemia
1288 1917 1334 1966 f
1366 1913 1548 1953 Oudarti.
1663 1915 1755 1955 218.
1801 1918 1949 1955 Credunt
1986 1918 2160 1959 Mentel·

505 1972 597 2014 Post
627 1975 716 2013 inter
744 1974 995 2031 distinguunt
1027 1976 1213 2016 nonnulli
1240 1977 1372 2016 Codd.
1402 1986 1442 2017 et
1475 1977 1565 2016 edd.
1593 1985 1639 2016 ut
1667 1976 1713 2017 fit
1731 1991 1745 2017 '-
1770 1980 1863 2018 dubii
1865 1982 1932 2033 stu
1950 1997 1991 2020 v.
2008 1969 2159 2024 credaut.

504 2041 647 2079 Burm.
1462 2056 1464 2058 ·

495 2205 608 2255 gom
627 2184 708 2235 alii
718 2187 928 2249 deripiunt
944 2187 1050 2248 costis
1072 2197 1111 2231 et
1123 2187 1292 2246 viscera

506 2256 686 2302 nudant.
755 2251 896 2298 Re&e
938 2250 1060 2296 Serv.
1107 2253 1291 2311 vgscera,

507 2316 730 2381 quicquid
767 2315 850 2363 sub
885 2313 1013 2361 corio
1049 2314 1129 2368 est,
1165 2314 1211 2360 h.
1246 2329 1288 2362 e.

506 2397 678 2430 carnes.
714 2396 768 2428 21
782 2397 826 2429 z.
846 2380 998 2427 Totus
1018 2393 1099 2426 ex:
1125 2380 1288 2430 Μίςυλ-

506 2450 573 2496 λόν
606 2448 652 2494 τ’
687 2446 775 2511 ἄξοι
810 2444 856 2492 τ’
894 2446 1035 2498 ἄλλα,
1070 2443 1145 2491 καὶ
1176 2446 1288 2505 ἀμφ’

509 2516 706 2568 ὄβελοῖσιν
776 2515 941 2572 ἔπειξαν
1010 2508 1127 2557 ibid.
1173 2509 1287 2573 465.

508 2582 752 2634 trementia,
804 2575 951 2622 adhuc
1004 2572 1292 2638 palpitantia,

510 2654 562 2690 ut
583 2653 630 2690 et
651 2641 774 2689 Serv.
832 2639 945 2687 Non
962 2637 1174 2702 equidem
1197 2637 1296 2684 sua-

508 2723 611 2755 vem
634 2706 684 2754 in
706 2706 794 2753 hoe
822 2703 1025 2768 epitheto
1048 2702 1297 2768 imaginem

508 2771 655 2821 sensui
699 2769 844 2833 objici
882 2767 1096 2817 dixerim.
1175 2768 1299 2815 Ab'na

511 2838 670 2893 locant,
693 2833 908 2899 quorsum
930 2834 947 2880 ?
982 2845 1101 2879 certe
1118 2848 1209 2879 non
1241 2833 1300 2879 ad

507 2901 741 2949 elixandas
755 2897 1099 2961 carneS‚quibus
1115 2896 1302 2943 heroica

512 2978 717 3029 tempora
745 2965 876 3028 plane
909 2979 1004 3009 non
1041 2961 1299 3018 utebantur,

511 3043 564 3079 ut
600 3043 762 3078 notum
796 3028 871 3076 est.
938 3026 1019 3080 Et,
1043 3043 1099 3073 ne
1132 3025 1192 3072 ab
1215 3025 1298 3073 illo

509 3112 639 3143 more
684 3093 890 3141 receffiffe
933 3103 1062 3155 putes
1097 3096 1301 3153 poetam,

508 3159 834 3207 laudatoforte
857 3153 1045 3203 Valerio
1070 3153 1139 3203 Fl.
1158 3154 1301 3211 VIII,

509 3222 705 3288 254a'ut
722 3221 903 3270 ovidio
936 3220 1056 3270 Met.
1085 3220 1129 3276 1,
1167 3225 1299 3277 228„

508 3288 674 3337 torreri
709 3303 864 3335 carnes
906 3285 956 3332 in
992 3297 1136 3347 antec.
1168 3284 1299 3332 versu

509 3352 807 3417 fignificatur.
838 3366 840 3368 ’
874 3349 1025 3414 Igitur
1045 3348 1116 3404 his
1142 3349 1296 3396 ahenis

510 3434 538 3464 a
572 3435 675 3466 uam
731 3414 1025 3470 calefaciunt,
1079 3413 1144 3463 cf.
1184 3413 1296 3462 AEn.

513 3479 607 3539 V,
655 3484 764 3530 218.
804 3494 916 3544 219,
967 3490 1017 3526 ut
1061 3476 1106 3525 se
1142 3478 1294 3527 lavent

509 3542 616 3594 aii't'e
635 3545 805 3610 epulas,
827 3540 894 3591 ex‘
905 3544 1044 3591 more.
1091 3543 1154 3592 cf.
1183 3533 1306 3590 Cer-'

510 3611 592 3662 da.
621 3607 752 3662 Serv.
797 3608 1010 3677 Qaerere
1027 3607 1158 3668 velle,
1175 3600 1297 3657 unde

1369 2195 1438 2230 tot
1478 2182 1644 2231 lebetes
1679 2182 1919 2232 habuerint
1964 2186 2162 2249 Trojani
2202 2232 2204 2234 .

1369 2248 1597 2312 naufragi,
1621 2248 1831 2311 putidum
1853 2251 1972 2299 effer.
2010 2252 2162 2300 Flam-

1370 2333 1461 2360 mas
1482 2317 1737 2377 minssrant,
1768 2328 1942 2371 ornate,
1976 2328 2026 2363 ut
2061 2333 2163 2364 om-

1369 2377 1445 2424 nia
1466 2377 1514 2424 in
1542 2377 1588 2424 h.
1614 2378 1666 2433 1.,
1688 2395 1790 2443 pro,
1796 2379 2031 2445 subjiciunt
2045 2381 2169 2430 ab‘nis

1368 2451 1388 2488 i
1414 2463 1521 2490 nem.
1575 2459 1628 2490 21
1642 2458 1682 2505 ς.
1705 2444 1881 2490 Satiant
1901 2444 1946 2491 se
1956 2456 2009 2507 et
2026 2461 2165 2510 carng:

1393 2507 1518 2554 erina
1538 2520 1583 2554 et
1606 2506 1728 2569 vino.
1784 2505 1887 2570 Jarn
1908 2521 2070 2557 excute
2085 2526 2160 2558 or-

1376 2584 1588 2619 namenta
1609 2572 1864 2622 verborum.
2165 2623 2168 2626 ,

1445 2636 1555 2684 216.
1592 2635 1702 2684 Hoc
1741 2639 1800 2684 est
1824 2638 2156 2688 Homericumt

1379 2702 1551 2764 Αὖτοὶξ,
1587 2701 1677 2749 ἔπεῖ
1714 2706 1855 2752 πόσιος
1898 2704 1972 2751 uoci
2003 2704 2166 2755 {Bm-&w

1379 2769 1423 2830 ἔξ
1445 2771 1524 2831 ἕξον
1547 2771 1650 2815 ἕντο.
1695 2767 1760 2815 εἷ.
1783 2767 1867 2815 inf.
1892 2767 2034 2826 VIII,
2058 2775 2166 2832 184·

1379 2835 1527 2894 mensae
1549 2845 1712 2880 remotae
1733 2845 1845 2879 noto
1857 2845 2004 2880 vetere
2022 2845 2169 2890 more',

1381 2914 1474 2960 quo
1496 2895 1645 2958 mensa
1675 2913 1781 2943 cum
1801 2897 1943 2960 epulis
1964 2897 2173 2956 conviva}

1382 2961 1692 3026 apponebatur
1706 2974 1751 3008 et
1772 2961 2072 3011 auferebatur.
2099 2962 2168 3027 At

1382 3026 1431 3074 h.
1467 3026 1500 3073 1.
1528 3026 1613 3073 fufi
1651 3042 1730 3089 per
1764 3026 1947 3074 herbam
1983 3027 2170 3102 epulan-

1384 3102 1458 3137 tur
1482 3090 1499 3135 ?
1532 3090 1690 3153 Itaque
1705 3092 1778 3138 vel
1799 3090 1948 3155 impro
1982 3108 2054 3139 ne.
2069 3087 2171 3157 dic}-

1384 3167 1499 3210 tum,
1523 3155 1595 3202 vel
1617 3159 1766 3219 mensae
1787 3172 1870 3219 pro
1891 3109 1979 3222 iplP

1470 3237 1582 3284 217.
1631 3222 1772 3287 Longo
1809 3225 2015 3283 sermone,
2073 3237 2170 3284 non

1379 3294 1472 3330 tam
1530 3285 1677 3348 qualis
1725 3286 1820 3348 post
1857 3282 2036 3334 coenam
2084 3285 2172 3348 effe

1377 3347 1507 3406 solet,
1546 3365 1683 3413 quam
1703 3349 1855 3414 potius
1874 3347 2029 3398 multis
2061 3365 2171 3399 cum

1377 3413 1583 3475 querelis.
1647 3415 1810 3480 Amgffa
1819 3414 2021 3479 socio'rum
2077 3426 2173 3463 arte

1373 3475 1548 3524 dolentes
1559 3478 2013 3544 Multaqu'econquaesti,
2069 3478 2174 3542 vid.

1376 3538 1506 3591 Met.
1535 3540 1690 3599 XIV,
1713 3559 1823 3608 242.
1864 3552 2078 3610 requirunt
2094 3539 2172 3606 sv-

1375 3612 1472 3663 cios,
1529 3607 1731 3657 declarat
1797 3624 1903 3659 voc.
1960 3628 2003 3655 re
2029 3612 2174 3675 'nir-erle⁴

1397 3669 1403 3674 “
1576 3689 1586 3696 ⁴
1893 3674 1927 3723 d
2002 3671 2169 3744 terium

1958 3174 1994 3204 is
2015 3155 2148 3224 cibis.
2182 3182 2193 3191 2
