<?xml version="1.0" encoding="UTF-8"?>
<!DOCTYPE html PUBLIC "-//W3C//DTD XHTML 1.0 Transitional//EN"
    "http://www.w3.org/TR/xhtml1/DTD/xhtml1-transitional.dtd">
<html xmlns="http://www.w3.org/1999/xhtml" xml:lang="en" lang="en">
 <head>
  <title>
</title>
<meta http-equiv="Content-Type" content="text/html;charset=utf-8" />
  <meta name='ocr-system' content='tesseract 3.04.00' />
  <meta name='ocr-capabilities' content='ocr_page ocr_carea ocr_par ocr_line ocrx_word'/>
</head>
<body>
  <div class='ocr_page' id='page_1' title='image "./operavarietatele02virguoft/operavarietatele02virguoft_0633.png"; bbox 0 0 2294 4030; ppageno 0'>
   <div class='ocr_carea' id='block_1_1' title="bbox 574 292 1828 378">
    <p class='ocr_par' dir='ltr' id='par_1_1' title="bbox 574 292 1828 378">
     <span class='ocr_line' id='line_1_1' title="bbox 574 292 1828 378; baseline 0.001 -24"><span class='ocrx_word' id='word_1_1' title='bbox 574 293 726 354; x_wconf 85' lang='lat' dir='ltr'>AD</span> <span class='ocrx_word' id='word_1_2' title='bbox 795 292 1445 357; x_wconf 72' lang='lat' dir='ltr'>LIBRUMIV.</span> <span class='ocrx_word' id='word_1_3' title='bbox 1607 345 1611 348; x_wconf 91' lang='lat'>.</span> <span class='ocrx_word' id='word_1_4' title='bbox 1715 312 1828 378; x_wconf 67' lang='lat'>537</span> 
     </span>
    </p>
   </div>
   <div class='ocr_carea' id='block_1_2' title="bbox 136 457 1834 2026">
    <p class='ocr_par' dir='ltr' id='par_1_2' title="bbox 136 457 1834 1874">
     <span class='ocr_line' id='line_1_2' title="bbox 189 457 1834 527; baseline -0.001 -18"><span class='ocrx_word' id='word_1_5' title='bbox 189 458 504 526; x_wconf 58' lang='lat' dir='ltr'>tempestates,</span> <span class='ocrx_word' id='word_1_6' title='bbox 524 457 786 525; x_wconf 77' lang='lat' dir='ltr'>durantque</span> <span class='ocrx_word' id='word_1_7' title='bbox 817 470 948 508; x_wconf 89' lang='lat' dir='ltr'>certo</span> <span class='ocrx_word' id='word_1_8' title='bbox 977 460 1083 509; x_wconf 90' lang='lat' dir='ltr'>anni</span> <span class='ocrx_word' id='word_1_9' title='bbox 1105 473 1316 527; x_wconf 89' lang='lat' dir='ltr'>tempore</span> <span class='ocrx_word' id='word_1_10' title='bbox 1339 462 1472 512; x_wconf 86' lang='lat' dir='ltr'>flatus</span> <span class='ocrx_word' id='word_1_11' title='bbox 1503 461 1601 525; x_wconf 85' lang='lat' dir='ltr'>ejus</span> <span class='ocrx_word' id='word_1_12' title='bbox 1625 459 1834 511; x_wconf 88' lang='lat' dir='ltr'>continui</span> 
     </span>
     <span class='ocr_line' id='line_1_3' title="bbox 190 533 1832 600; baseline 0.001 -17"><span class='ocrx_word' id='word_1_13' title='bbox 190 547 279 598; x_wconf 85' lang='lat' dir='ltr'>per</span> <span class='ocrx_word' id='word_1_14' title='bbox 299 536 452 600; x_wconf 84' lang='lat' dir='ltr'>plures</span> <span class='ocrx_word' id='word_1_15' title='bbox 473 533 593 589; x_wconf 85' lang='lat' dir='ltr'>dies,</span> <span class='ocrx_word' id='word_1_16' title='bbox 625 534 687 584; x_wconf 95' lang='lat' dir='ltr'>ob</span> <span class='ocrx_word' id='word_1_17' title='bbox 713 535 804 584; x_wconf 87' lang='lat' dir='ltr'>hoc</span> <span class='ocrx_word' id='word_1_18' title='bbox 826 533 975 600; x_wconf 85' lang='lat' dir='ltr'>ipsum</span> <span class='ocrx_word' id='word_1_19' title='bbox 997 534 1110 584; x_wconf 69' lang='lat' dir='ltr'>dieti</span> <span class='ocrx_word' id='word_1_20' title='bbox 1132 537 1294 585; x_wconf 89' lang='lat' dir='ltr'>etefiae.</span> <span class='ocrx_word' id='word_1_21' title='bbox 1361 537 1597 587; x_wconf 84' lang='lat' dir='ltr'>Videntur</span> <span class='ocrx_word' id='word_1_22' title='bbox 1617 537 1668 587; x_wconf 92' lang='lat' dir='ltr'>hi</span> <span class='ocrx_word' id='word_1_23' title='bbox 1687 536 1832 585; x_wconf 86' lang='lat' dir='ltr'>iidem</span> 
     </span>
     <span class='ocr_line' id='line_1_4' title="bbox 191 608 1832 676; baseline -0.002 -16"><span class='ocrx_word' id='word_1_24' title='bbox 191 609 341 667; x_wconf 79' lang='lat' dir='ltr'>fuiffe,</span> <span class='ocrx_word' id='word_1_25' title='bbox 375 610 456 676; x_wconf 89' lang='lat' dir='ltr'>qui</span> <span class='ocrx_word' id='word_1_26' title='bbox 478 611 754 659; x_wconf 84' lang='lat' dir='ltr'>Menelaum</span> <span class='ocrx_word' id='word_1_27' title='bbox 775 608 875 658; x_wconf 90' lang='lat' dir='ltr'>XX</span> <span class='ocrx_word' id='word_1_28' title='bbox 896 610 996 660; x_wconf 88' lang='lat' dir='ltr'>dies</span> <span class='ocrx_word' id='word_1_29' title='bbox 1018 610 1077 659; x_wconf 91' lang='lat' dir='ltr'>ad</span> <span class='ocrx_word' id='word_1_30' title='bbox 1097 611 1297 660; x_wconf 87' lang='lat' dir='ltr'>Pharum</span> <span class='ocrx_word' id='word_1_31' title='bbox 1318 611 1580 660; x_wconf 68' lang='lat' dir='ltr'>retinebant</span> <span class='ocrx_word' id='word_1_32' title='bbox 1604 611 1765 676; x_wconf 81' lang='lat' dir='ltr'><strong>Odyff.</strong></span> <span class='ocrx_word' id='word_1_33' title='bbox 1791 611 1832 667; x_wconf 75' lang='grc' dir='ltr'>δ,</span> 
     </span>
     <span class='ocr_line' id='line_1_5' title="bbox 192 683 1833 750; baseline 0.001 -17"><span class='ocrx_word' id='word_1_34' title='bbox 192 683 308 749; x_wconf 81' lang='lat'><strong>360.</strong></span> <span class='ocrx_word' id='word_1_35' title='bbox 374 685 465 734; x_wconf 85' lang='lat' dir='ltr'>His</span> <span class='ocrx_word' id='word_1_36' title='bbox 482 684 634 734; x_wconf 70' lang='lat' dir='ltr'>&#39;ventis</span> <span class='ocrx_word' id='word_1_37' title='bbox 655 684 759 750; x_wconf 87' lang='lat' dir='ltr'>quis</span> <span class='ocrx_word' id='word_1_38' title='bbox 781 683 975 733; x_wconf 85' lang='lat' dir='ltr'>miretur</span> <span class='ocrx_word' id='word_1_39' title='bbox 995 700 1095 740; x_wconf 89' lang='lat' dir='ltr'>eos,</span> <span class='ocrx_word' id='word_1_40' title='bbox 1120 684 1201 750; x_wconf 88' lang='lat' dir='ltr'>qui</span> <span class='ocrx_word' id='word_1_41' title='bbox 1222 701 1250 734; x_wconf 91' lang='lat' dir='ltr'>a</span> <span class='ocrx_word' id='word_1_42' title='bbox 1272 685 1463 734; x_wconf 90' lang='lat' dir='ltr'>Troade</span> <span class='ocrx_word' id='word_1_43' title='bbox 1495 686 1728 734; x_wconf 89' lang='lat' dir='ltr'>Graeciam</span> <span class='ocrx_word' id='word_1_44' title='bbox 1755 685 1833 735; x_wconf 88' lang='lat' dir='ltr'>vel</span> 
     </span>
     <span class='ocr_line' id='line_1_6' title="bbox 187 757 1830 827; baseline 0.001 -19"><span class='ocrx_word' id='word_1_45' title='bbox 187 757 378 810; x_wconf 87' lang='lat' dir='ltr'>Italiam</span> <span class='ocrx_word' id='word_1_46' title='bbox 399 772 631 827; x_wconf 89' lang='lat' dir='ltr'>peterent,</span> <span class='ocrx_word' id='word_1_47' title='bbox 664 758 820 813; x_wconf 81' lang='lat' dir='ltr'>versus</span> <span class='ocrx_word' id='word_1_48' title='bbox 852 759 1023 809; x_wconf 87' lang='lat' dir='ltr'>Africae</span> <span class='ocrx_word' id='word_1_49' title='bbox 1054 759 1213 810; x_wconf 86' lang='lat' dir='ltr'>littora</span> <span class='ocrx_word' id='word_1_50' title='bbox 1247 759 1473 825; x_wconf 85' lang='lat' dir='ltr'>propelli!</span> <span class='ocrx_word' id='word_1_51' title='bbox 1513 760 1673 823; x_wconf 88' lang='lat' dir='ltr'>Itaque</span> <span class='ocrx_word' id='word_1_52' title='bbox 1696 762 1830 809; x_wconf 89' lang='lat' dir='ltr'>Grae-</span> 
     </span>
     <span class='ocr_line' id='line_1_7' title="bbox 185 830 1832 898; baseline 0 -15"><span class='ocrx_word' id='word_1_53' title='bbox 185 848 270 883; x_wconf 79' lang='lat' dir='ltr'>cos</span> <span class='ocrx_word' id='word_1_54' title='bbox 304 851 334 883; x_wconf 90' lang='lat' dir='ltr'>a</span> <span class='ocrx_word' id='word_1_55' title='bbox 374 830 526 898; x_wconf 77' lang='lat' dir='ltr'>Troja</span> <span class='ocrx_word' id='word_1_56' title='bbox 560 834 773 892; x_wconf 86' lang='lat' dir='ltr'>reduces,</span> <span class='ocrx_word' id='word_1_57' title='bbox 819 850 928 884; x_wconf 89' lang='lat' dir='ltr'>cum</span> <span class='ocrx_word' id='word_1_58' title='bbox 964 835 1147 884; x_wconf 88' lang='lat' dir='ltr'>Maleas</span> <span class='ocrx_word' id='word_1_59' title='bbox 1187 834 1483 885; x_wconf 70' lang='lat' dir='ltr'>circumvecti</span> <span class='ocrx_word' id='word_1_60' title='bbox 1514 835 1780 898; x_wconf 86' lang='lat' dir='ltr'>tempestate</span> <span class='ocrx_word' id='word_1_61' title='bbox 1803 851 1832 883; x_wconf 90' lang='lat' dir='ltr'>a</span> 
     </span>
     <span class='ocr_line' id='line_1_8' title="bbox 185 904 1831 976; baseline 0.001 -18"><span class='ocrx_word' id='word_1_62' title='bbox 185 909 320 958; x_wconf 83' lang='lat' dir='ltr'>cursu</span> <span class='ocrx_word' id='word_1_63' title='bbox 341 904 508 973; x_wconf 69' lang='lat' dir='ltr'>dejecti</span> <span class='ocrx_word' id='word_1_64' title='bbox 535 910 696 966; x_wconf 89' lang='lat' dir='ltr'>essent,</span> <span class='ocrx_word' id='word_1_65' title='bbox 726 926 886 958; x_wconf 89' lang='lat' dir='ltr'>omnes</span> <span class='ocrx_word' id='word_1_66' title='bbox 909 910 1007 959; x_wconf 89' lang='lat' dir='ltr'>fere</span> <span class='ocrx_word' id='word_1_67' title='bbox 1029 909 1088 959; x_wconf 85' lang='lat' dir='ltr'>ad</span> <span class='ocrx_word' id='word_1_68' title='bbox 1110 911 1191 959; x_wconf 91' lang='lat' dir='ltr'>has</span> <span class='ocrx_word' id='word_1_69' title='bbox 1214 924 1367 976; x_wconf 89' lang='lat' dir='ltr'>partes</span> <span class='ocrx_word' id='word_1_70' title='bbox 1388 913 1510 959; x_wconf 70' lang='lat' dir='ltr'>ac’tos</span> <span class='ocrx_word' id='word_1_71' title='bbox 1533 911 1620 957; x_wconf 82' lang='lat' dir='ltr'>effe</span> <span class='ocrx_word' id='word_1_72' title='bbox 1651 909 1831 959; x_wconf 86' lang='lat' dir='ltr'>videas.</span> 
     </span>
     <span class='ocr_line' id='line_1_9' title="bbox 187 983 1830 1050; baseline -0.001 -16"><span class='ocrx_word' id='word_1_73' title='bbox 187 983 435 1035; x_wconf 79' lang='lat' dir='ltr'>Menelaus</span> <span class='ocrx_word' id='word_1_74' title='bbox 470 983 660 1050; x_wconf 87' lang='lat' dir='ltr'>quidem</span> <span class='ocrx_word' id='word_1_75' title='bbox 692 983 957 1050; x_wconf 88' lang='lat' dir='ltr'>AEgyptum</span> <span class='ocrx_word' id='word_1_76' title='bbox 994 984 1127 1041; x_wconf 87' lang='lat' dir='ltr'>adiit,</span> <span class='ocrx_word' id='word_1_77' title='bbox 1170 987 1204 1034; x_wconf 89' lang='lat' dir='ltr'>l.</span> <span class='ocrx_word' id='word_1_78' title='bbox 1240 1003 1282 1034; x_wconf 91' lang='lat' dir='ltr'>c.</span> <span class='ocrx_word' id='word_1_79' title='bbox 1319 998 1367 1034; x_wconf 83' lang='lat' dir='ltr'>et</span> <span class='ocrx_word' id='word_1_80' title='bbox 1400 985 1564 1050; x_wconf 79' lang='lat' dir='ltr'>Odyff.</span> <span class='ocrx_word' id='word_1_81' title='bbox 1599 1007 1649 1044; x_wconf 65' lang='grc' dir='ltr'>γ,</span> <span class='ocrx_word' id='word_1_82' title='bbox 1697 999 1830 1047; x_wconf 79' lang='lat'><em>3003</em></span> 
     </span>
     <span class='ocr_line' id='line_1_10' title="bbox 188 1050 1833 1125; baseline -0.001 -17"><span class='ocrx_word' id='word_1_83' title='bbox 188 1057 320 1108; x_wconf 84' lang='lat' dir='ltr'>Paris</span> <span class='ocrx_word' id='word_1_84' title='bbox 337 1070 386 1108; x_wconf 91' lang='lat' dir='ltr'>et</span> <span class='ocrx_word' id='word_1_85' title='bbox 406 1050 528 1108; x_wconf 78' lang='lat' dir='ltr'>hanc</span> <span class='ocrx_word' id='word_1_86' title='bbox 550 1070 597 1107; x_wconf 92' lang='lat' dir='ltr'>et</span> <span class='ocrx_word' id='word_1_87' title='bbox 616 1057 885 1114; x_wconf 75' lang='lat' dir='ltr'>Phoenicen,</span> <span class='ocrx_word' id='word_1_88' title='bbox 924 1058 1104 1123; x_wconf 84' lang='lat' dir='ltr'>Ulyffes</span> <span class='ocrx_word' id='word_1_89' title='bbox 1139 1061 1524 1125; x_wconf 91' lang='lat' dir='ltr'>Lotophagorum</span> <span class='ocrx_word' id='word_1_90' title='bbox 1558 1057 1749 1106; x_wconf 89' lang='lat' dir='ltr'>insulam</span> <span class='ocrx_word' id='word_1_91' title='bbox 1781 1057 1833 1106; x_wconf 88' lang='lat' dir='ltr'>in</span> 
     </span>
     <span class='ocr_line' id='line_1_11' title="bbox 185 1133 1830 1201; baseline -0.001 -17"><span class='ocrx_word' id='word_1_92' title='bbox 185 1133 356 1199; x_wconf 83' lang='lat' dir='ltr'>Libyae</span> <span class='ocrx_word' id='word_1_93' title='bbox 376 1133 554 1190; x_wconf 78' lang='lat' dir='ltr'>littore,</span> <span class='ocrx_word' id='word_1_94' title='bbox 587 1134 887 1199; x_wconf 85' lang='lat' dir='ltr'>Meningem,</span> <span class='ocrx_word' id='word_1_95' title='bbox 910 1153 958 1183; x_wconf 89' lang='lat' dir='ltr'>v.</span> <span class='ocrx_word' id='word_1_96' title='bbox 1000 1135 1162 1201; x_wconf 67' lang='lat' dir='ltr'>Odyfl‘.</span> <span class='ocrx_word' id='word_1_97' title='bbox 1200 1160 1230 1184; x_wconf 81' lang='grc' dir='ltr'>ι.</span> <span class='ocrx_word' id='word_1_98' title='bbox 1268 1140 1329 1184; x_wconf 82' lang='grc'>80</span> <span class='ocrx_word' id='word_1_99' title='bbox 1351 1137 1448 1201; x_wconf 90' lang='lat' dir='ltr'><strong>sqq.</strong></span> <span class='ocrx_word' id='word_1_100' title='bbox 1520 1134 1662 1198; x_wconf 90' lang='lat' dir='ltr'>Apud</span> <span class='ocrx_word' id='word_1_101' title='bbox 1681 1136 1830 1199; x_wconf 87' lang='lat' dir='ltr'>Apol-</span> 
     </span>
     <span class='ocr_line' id='line_1_12' title="bbox 185 1207 1831 1274; baseline -0.001 -16"><span class='ocrx_word' id='word_1_102' title='bbox 185 1207 364 1259; x_wconf 85' lang='lat' dir='ltr'>lonium</span> <span class='ocrx_word' id='word_1_103' title='bbox 385 1208 531 1258; x_wconf 88' lang='lat' dir='ltr'>etiam</span> <span class='ocrx_word' id='word_1_104' title='bbox 565 1209 703 1274; x_wconf 88' lang='lat' dir='ltr'>Argo</span> <span class='ocrx_word' id='word_1_105' title='bbox 721 1224 780 1257; x_wconf 86' lang='lat' dir='ltr'>ex</span> <span class='ocrx_word' id='word_1_106' title='bbox 805 1207 942 1257; x_wconf 90' lang='lat' dir='ltr'>Ionio</span> <span class='ocrx_word' id='word_1_107' title='bbox 963 1209 1082 1258; x_wconf 88' lang='lat' dir='ltr'>mari</span> <span class='ocrx_word' id='word_1_108' title='bbox 1106 1210 1260 1258; x_wconf 89' lang='lat' dir='ltr'>versus</span> <span class='ocrx_word' id='word_1_109' title='bbox 1292 1210 1463 1258; x_wconf 79' lang='lat' dir='ltr'>Africae</span> <span class='ocrx_word' id='word_1_110' title='bbox 1491 1209 1653 1258; x_wconf 87' lang='lat' dir='ltr'>littora</span> <span class='ocrx_word' id='word_1_111' title='bbox 1682 1209 1831 1272; x_wconf 90' lang='lat' dir='ltr'>prori-</span> 
     </span>
     <span class='ocr_line' id='line_1_13' title="bbox 185 1283 1832 1350; baseline -0.001 -17"><span class='ocrx_word' id='word_1_112' title='bbox 185 1283 330 1350; x_wconf 83' lang='lat' dir='ltr'>pitur.</span> <span class='ocrx_word' id='word_1_113' title='bbox 402 1284 455 1335; x_wconf 88' lang='lat' dir='ltr'>si</span> <span class='ocrx_word' id='word_1_114' title='bbox 486 1284 645 1349; x_wconf 88' lang='lat' dir='ltr'>itaque</span> <span class='ocrx_word' id='word_1_115' title='bbox 676 1283 910 1349; x_wconf 85' lang='lat' dir='ltr'>Virgilius</span> <span class='ocrx_word' id='word_1_116' title='bbox 950 1296 1194 1334; x_wconf 89' lang='lat' dir='ltr'>ventorum</span> <span class='ocrx_word' id='word_1_117' title='bbox 1229 1298 1435 1339; x_wconf 87' lang='lat' dir='ltr'>naturas,</span> <span class='ocrx_word' id='word_1_118' title='bbox 1474 1290 1721 1349; x_wconf 66' lang='lat' dir='ltr'>poetarum</span> <span class='ocrx_word' id='word_1_119' title='bbox 1754 1301 1832 1332; x_wconf 88' lang='lat' dir='ltr'>ex·</span> 
     </span>
     <span class='ocr_line' id='line_1_14' title="bbox 136 1357 1831 1427; baseline -0.001 -19"><span class='ocrx_word' id='word_1_120' title='bbox 136 1406 139 1408; x_wconf 15' lang='grc' dir='ltr'><em>ς</em></span> <span class='ocrx_word' id='word_1_121' title='bbox 183 1358 393 1427; x_wconf 74' lang='lat' dir='ltr'>emplum</span> <span class='ocrx_word' id='word_1_122' title='bbox 434 1357 702 1424; x_wconf 89' lang='lat' dir='ltr'>ceterasque</span> <span class='ocrx_word' id='word_1_123' title='bbox 740 1358 944 1409; x_wconf 90' lang='lat' dir='ltr'>rationes</span> <span class='ocrx_word' id='word_1_124' title='bbox 983 1360 1109 1425; x_wconf 89' lang='lat' dir='ltr'>sequi</span> <span class='ocrx_word' id='word_1_125' title='bbox 1148 1361 1355 1415; x_wconf 86' lang='lat' dir='ltr'>volebat,</span> <span class='ocrx_word' id='word_1_126' title='bbox 1394 1360 1454 1407; x_wconf 84' lang='lat' dir='ltr'>ad</span> <span class='ocrx_word' id='word_1_127' title='bbox 1492 1359 1664 1408; x_wconf 88' lang='lat' dir='ltr'>Africae</span> <span class='ocrx_word' id='word_1_128' title='bbox 1701 1359 1831 1408; x_wconf 87' lang='lat' dir='ltr'>littus</span> 
     </span>
     <span class='ocr_line' id='line_1_15' title="bbox 183 1434 1827 1500; baseline -0.002 -15"><span class='ocrx_word' id='word_1_129' title='bbox 183 1436 330 1491; x_wconf 83' lang='lat' dir='ltr'>claflis</span> <span class='ocrx_word' id='word_1_130' title='bbox 351 1434 566 1498; x_wconf 88' lang='lat' dir='ltr'>Trojana</span> <span class='ocrx_word' id='word_1_131' title='bbox 582 1447 683 1484; x_wconf 90' lang='lat' dir='ltr'>erat</span> <span class='ocrx_word' id='word_1_132' title='bbox 696 1434 962 1484; x_wconf 86' lang='lat' dir='ltr'>deferenda.</span> <span class='ocrx_word' id='word_1_133' title='bbox 1031 1436 1155 1485; x_wconf 87' lang='lat' dir='ltr'>Cum·</span> <span class='ocrx_word' id='word_1_134' title='bbox 1179 1453 1291 1485; x_wconf 87' lang='lat' dir='ltr'>vero</span> <span class='ocrx_word' id='word_1_135' title='bbox 1316 1436 1505 1500; x_wconf 84' lang='lat' dir='ltr'>reliquae</span> <span class='ocrx_word' id='word_1_136' title='bbox 1529 1437 1684 1498; x_wconf 78' lang='lat' dir='ltr'>passim</span> <span class='ocrx_word' id='word_1_137' title='bbox 1717 1452 1827 1499; x_wconf 92' lang='lat' dir='ltr'>par-</span> 
     </span>
     <span class='ocr_line' id='line_1_16' title="bbox 183 1509 1830 1577; baseline -0.004 -14"><span class='ocrx_word' id='word_1_138' title='bbox 183 1522 276 1567; x_wconf 70' lang='lat' dir='ltr'>teS,</span> <span class='ocrx_word' id='word_1_139' title='bbox 299 1511 534 1577; x_wconf 78' lang='lat' dir='ltr'>AEgyptus</span> <span class='ocrx_word' id='word_1_140' title='bbox 558 1525 614 1558; x_wconf 88' lang='lat' dir='ltr'>ac</span> <span class='ocrx_word' id='word_1_141' title='bbox 631 1509 801 1574; x_wconf 86' lang='lat' dir='ltr'>Libya,</span> <span class='ocrx_word' id='word_1_142' title='bbox 847 1512 987 1559; x_wconf 81' lang='lat' dir='ltr'>essent</span> <span class='ocrx_word' id='word_1_143' title='bbox 1016 1511 1076 1560; x_wconf 89' lang='lat' dir='ltr'>ab</span> <span class='ocrx_word' id='word_1_144' title='bbox 1097 1512 1308 1560; x_wconf 88' lang='lat' dir='ltr'>Homero</span> <span class='ocrx_word' id='word_1_145' title='bbox 1341 1523 1388 1559; x_wconf 87' lang='lat' dir='ltr'>et</span> <span class='ocrx_word' id='word_1_146' title='bbox 1416 1509 1665 1573; x_wconf 89' lang='lat' dir='ltr'>Apollonio</span> <span class='ocrx_word' id='word_1_147' title='bbox 1688 1526 1830 1557; x_wconf 88' lang='lat' dir='ltr'>occu-</span> 
     </span>
     <span class='ocr_line' id='line_1_17' title="bbox 166 1584 1831 1659; baseline -0.002 -24.984"><span class='ocrx_word' id='word_1_148' title='bbox 166 1597 328 1659; x_wconf 73' lang='lat' dir='ltr'>patae,</span> <span class='ocrx_word' id='word_1_149' title='bbox 359 1585 559 1637; x_wconf 82' lang='lat' dir='ltr'>feliciter</span> <span class='ocrx_word' id='word_1_150' title='bbox 590 1586 731 1651; x_wconf 90' lang='lat' dir='ltr'>poe&#39;ta</span> <span class='ocrx_word' id='word_1_151' title='bbox 755 1585 805 1633; x_wconf 89' lang='lat' dir='ltr'>in</span> <span class='ocrx_word' id='word_1_152' title='bbox 836 1585 1271 1651; x_wconf 87' lang='lat' dir='ltr'>Carthaginiensem</span> <span class='ocrx_word' id='word_1_153' title='bbox 1300 1603 1429 1634; x_wconf 89' lang='lat' dir='ltr'>oram</span> <span class='ocrx_word' id='word_1_154' title='bbox 1463 1584 1642 1632; x_wconf 88' lang='lat' dir='ltr'>incidit.</span> <span class='ocrx_word' id='word_1_155' title='bbox 1712 1587 1831 1650; x_wconf 85' lang='lat' dir='ltr'>Qae</span> 
     </span>
     <span class='ocr_line' id='line_1_18' title="bbox 142 1658 1831 1727; baseline -0.003 -17.899"><span class='ocrx_word' id='word_1_156' title='bbox 142 1659 312 1709; x_wconf 67' lang='lat' dir='ltr'>enim</span> <span class='ocrx_word' id='word_1_157' title='bbox 332 1659 635 1727; x_wconf 86' lang='lat' dir='ltr'>opportunior</span> <span class='ocrx_word' id='word_1_158' title='bbox 658 1671 782 1707; x_wconf 89' lang='lat' dir='ltr'>terra</span> <span class='ocrx_word' id='word_1_159' title='bbox 802 1661 1156 1709; x_wconf 85' lang='lat' dir='ltr'>commemorari</span> <span class='ocrx_word' id='word_1_160' title='bbox 1180 1673 1380 1725; x_wconf 86' lang='lat' dir='ltr'>poterat,</span> <span class='ocrx_word' id='word_1_161' title='bbox 1405 1677 1544 1724; x_wconf 88' lang='lat' dir='ltr'>quarn</span> <span class='ocrx_word' id='word_1_162' title='bbox 1569 1658 1831 1722; x_wconf 84' lang='lat' dir='ltr'>Carthago,</span> 
     </span>
     <span class='ocr_line' id='line_1_19' title="bbox 183 1732 1831 1800; baseline -0.002 -15"><span class='ocrx_word' id='word_1_163' title='bbox 183 1749 293 1785; x_wconf 80' lang='lat' dir='ltr'>cum</span> <span class='ocrx_word' id='word_1_164' title='bbox 325 1735 550 1785; x_wconf 85' lang='lat' dir='ltr'>Romanis</span> <span class='ocrx_word' id='word_1_165' title='bbox 588 1733 675 1783; x_wconf 88' lang='lat' dir='ltr'>suis</span> <span class='ocrx_word' id='word_1_166' title='bbox 707 1733 954 1784; x_wconf 88' lang='lat' dir='ltr'>AEneidem</span> <span class='ocrx_word' id='word_1_167' title='bbox 987 1735 1225 1790; x_wconf 89' lang='lat' dir='ltr'>scriberet,</span> <span class='ocrx_word' id='word_1_168' title='bbox 1266 1736 1429 1800; x_wconf 90' lang='lat' dir='ltr'>quibus</span> <span class='ocrx_word' id='word_1_169' title='bbox 1462 1732 1831 1797; x_wconf 84' lang='lat' dir='ltr'>jucundissimum</span> 
     </span>
     <span class='ocr_line' id='line_1_20' title="bbox 138 1808 1828 1874; baseline -0.001 -16"><span class='ocrx_word' id='word_1_170' title='bbox 138 1811 139 1814; x_wconf 69' lang='grc'>’</span> <span class='ocrx_word' id='word_1_171' title='bbox 185 1809 346 1859; x_wconf 75' lang='lat' dir='ltr'>‘auditu</span> <span class='ocrx_word' id='word_1_172' title='bbox 385 1811 473 1859; x_wconf 82' lang='lat' dir='ltr'>effe</span> <span class='ocrx_word' id='word_1_173' title='bbox 511 1808 692 1863; x_wconf 86' lang='lat' dir='ltr'>debuit,</span> <span class='ocrx_word' id='word_1_174' title='bbox 728 1809 760 1857; x_wconf 88' lang='lat' dir='ltr'><strong>fi</strong></span> <span class='ocrx_word' id='word_1_175' title='bbox 802 1808 913 1857; x_wconf 89' lang='lat' dir='ltr'>belli</span> <span class='ocrx_word' id='word_1_176' title='bbox 947 1809 1215 1874; x_wconf 83' lang='lat' dir='ltr'>gravissimi,</span> <span class='ocrx_word' id='word_1_177' title='bbox 1260 1826 1355 1873; x_wconf 93' lang='lat' dir='ltr'>quo</span> <span class='ocrx_word' id='word_1_178' title='bbox 1391 1808 1594 1873; x_wconf 87' lang='lat' dir='ltr'>primum</span> <span class='ocrx_word' id='word_1_179' title='bbox 1634 1808 1828 1871; x_wconf 84' lang='lat' dir='ltr'>populus</span> 
     </span>
    </p>

    <p class='ocr_par' dir='ltr' id='par_1_3' title="bbox 151 1882 1829 2026">
     <span class='ocr_line' id='line_1_21' title="bbox 185 1882 1829 1947; baseline -0.004 -12"><span class='ocrx_word' id='word_1_180' title='bbox 185 1886 327 1935; x_wconf 84' lang='lat' dir='ltr'>Rom.</span> <span class='ocrx_word' id='word_1_181' title='bbox 358 1884 537 1934; x_wconf 86' lang='lat' dir='ltr'>aditum</span> <span class='ocrx_word' id='word_1_182' title='bbox 564 1899 620 1932; x_wconf 88' lang='lat' dir='ltr'>ac</span> <span class='ocrx_word' id='word_1_183' title='bbox 649 1882 779 1932; x_wconf 86' lang='lat' dir='ltr'>viam</span> <span class='ocrx_word' id='word_1_184' title='bbox 809 1882 869 1930; x_wconf 89' lang='lat' dir='ltr'>ad</span> <span class='ocrx_word' id='word_1_185' title='bbox 902 1894 1129 1933; x_wconf 88' lang='lat' dir='ltr'>terrarum</span> <span class='ocrx_word' id='word_1_186' title='bbox 1163 1883 1410 1947; x_wconf 87' lang='lat' dir='ltr'>imperium</span> <span class='ocrx_word' id='word_1_187' title='bbox 1450 1883 1531 1930; x_wconf 86' lang='lat' dir='ltr'>fibi</span> <span class='ocrx_word' id='word_1_188' title='bbox 1565 1897 1829 1947; x_wconf 84' lang='lat' dir='ltr'>paraverat,</span> 
     </span>
     <span class='ocr_line' id='line_1_22' title="bbox 151 1956 1828 2026; baseline -0.003 -14"><span class='ocrx_word' id='word_1_189' title='bbox 151 1998 153 2000; x_wconf 93' lang='lat'>-</span> <span class='ocrx_word' id='word_1_190' title='bbox 182 1960 353 2012; x_wconf 81' lang='lat' dir='ltr'>semina</span> <span class='ocrx_word' id='word_1_191' title='bbox 375 1977 430 2012; x_wconf 88' lang='lat' dir='ltr'>ac</span> <span class='ocrx_word' id='word_1_192' title='bbox 455 1958 626 2012; x_wconf 78' lang='lat' dir='ltr'>caussas</span> <span class='ocrx_word' id='word_1_193' title='bbox 647 1958 699 2007; x_wconf 88' lang='lat' dir='ltr'>in</span> <span class='ocrx_word' id='word_1_194' title='bbox 730 1957 838 2026; x_wconf 68' lang='lat' dir='ltr'>ipsis</span> <span class='ocrx_word' id='word_1_195' title='bbox 860 1956 974 2007; x_wconf 84' lang='lat' dir='ltr'>olim</span> <span class='ocrx_word' id='word_1_196' title='bbox 995 1959 1156 2008; x_wconf 86' lang='lat' dir='ltr'>AEneae</span> <span class='ocrx_word' id='word_1_197' title='bbox 1177 1959 1284 2008; x_wconf 88' lang='lat' dir='ltr'>fatis</span> <span class='ocrx_word' id='word_1_198' title='bbox 1315 1976 1369 2007; x_wconf 89' lang='lat' dir='ltr'>ac</span> <span class='ocrx_word' id='word_1_199' title='bbox 1394 1959 1566 2008; x_wconf 77' lang='lat' dir='ltr'>casibus</span> <span class='ocrx_word' id='word_1_200' title='bbox 1593 1959 1716 2021; x_wconf 68' lang='lat' dir='ltr'>jacta</span> <span class='ocrx_word' id='word_1_201' title='bbox 1741 1959 1828 2007; x_wconf 82' lang='lat' dir='ltr'>effe</span> 
     </span>
    </p>
   </div>
   <div class='ocr_carea' id='block_1_3' title="bbox 184 2037 1826 2183">
    <p class='ocr_par' dir='ltr' id='par_1_4' title="bbox 184 2037 1826 2183">
     <span class='ocr_line' id='line_1_23' title="bbox 184 2037 387 2090; baseline -0.02 0"><span class='ocrx_word' id='word_1_202' title='bbox 184 2037 387 2090; x_wconf 79' lang='lat' dir='ltr'>videret.</span> 
     </span>
     <span class='ocr_line' id='line_1_24' title="bbox 250 2107 1826 2183; baseline -0.002 -19"><span class='ocrx_word' id='word_1_203' title='bbox 250 2114 322 2164; x_wconf 93' lang='lat' dir='ltr'>Ut</span> <span class='ocrx_word' id='word_1_204' title='bbox 343 2110 498 2163; x_wconf 87' lang='lat' dir='ltr'>autem</span> <span class='ocrx_word' id='word_1_205' title='bbox 519 2108 720 2162; x_wconf 88' lang='lat' dir='ltr'>Didonis</span> <span class='ocrx_word' id='word_1_206' title='bbox 742 2107 1019 2172; x_wconf 82' lang='lat' dir='ltr'>potissimum</span> <span class='ocrx_word' id='word_1_207' title='bbox 1038 2124 1193 2157; x_wconf 85' lang='lat' dir='ltr'>amore</span> <span class='ocrx_word' id='word_1_208' title='bbox 1212 2119 1436 2165; x_wconf 88' lang='lat' dir='ltr'>uteretur,</span> <span class='ocrx_word' id='word_1_209' title='bbox 1469 2127 1573 2158; x_wconf 89' lang='lat' dir='ltr'>curn</span> <span class='ocrx_word' id='word_1_210' title='bbox 1602 2112 1826 2183; x_wconf 74' lang='lat' dir='ltr'>Calypsus</span> 
     </span>
    </p>
   </div>
   <div class='ocr_carea' id='block_1_4' title="bbox 40 2183 1827 2335">
    <p class='ocr_par' dir='ltr' id='par_1_5' title="bbox 40 2183 1827 2341">
     <span class='ocr_line' id='line_1_25' title="bbox 40 2183 1827 2247; baseline 0.027 -51"><span class='ocrx_word' id='word_1_211' title='bbox 40 2185 43 2196; x_wconf 91' lang='lat'><em>.</em></span> <span class='ocrx_word' id='word_1_212' title='bbox 183 2189 262 2241; x_wconf 62' lang='lat' dir='ltr'>vel</span> <span class='ocrx_word' id='word_1_213' title='bbox 299 2189 463 2238; x_wconf 44' lang='lat' dir='ltr'>cutes</span> <span class='ocrx_word' id='word_1_214' title='bbox 504 2197 583 2236; x_wconf 64' lang='lat' dir='ltr'>aut</span> <span class='ocrx_word' id='word_1_215' title='bbox 619 2183 806 2239; x_wconf 67' lang='lat' dir='ltr'>Medeae</span> <span class='ocrx_word' id='word_1_216' title='bbox 842 2199 1020 2232; x_wconf 88' lang='lat' dir='ltr'>amores</span> <span class='ocrx_word' id='word_1_217' title='bbox 1056 2183 1259 2247; x_wconf 84' lang='lat' dir='ltr'>exempli</span> <span class='ocrx_word' id='word_1_218' title='bbox 1297 2185 1563 2233; x_wconf 61' lang='lat' dir='ltr'>auctoritate</span> <span class='ocrx_word' id='word_1_219' title='bbox 1597 2189 1827 2243; x_wconf 84' lang='lat' dir='ltr'>adducere</span> 
     </span>
     <span class='ocr_line' id='line_1_26' title="bbox 143 2257 1825 2335; baseline 0.012 -38.765"><span class='ocrx_word' id='word_1_220' title='bbox 143 2266 371 2335; x_wconf 25' lang='lat' dir='ltr'>*poetam</span> <span class='ocrx_word' id='word_1_221' title='bbox 391 2270 623 2328; x_wconf 88' lang='lat' dir='ltr'>poterant,</span> <span class='ocrx_word' id='word_1_222' title='bbox 656 2271 755 2308; x_wconf 90' lang='lat' dir='ltr'>tum</span> <span class='ocrx_word' id='word_1_223' title='bbox 779 2258 961 2306; x_wconf 86' lang='lat' dir='ltr'>feminae</span> <span class='ocrx_word' id='word_1_224' title='bbox 982 2257 1117 2319; x_wconf 88' lang='lat' dir='ltr'>hujus</span> <span class='ocrx_word' id='word_1_225' title='bbox 1140 2258 1323 2307; x_wconf 79' lang='lat' dir='ltr'>claritas</span> <span class='ocrx_word' id='word_1_226' title='bbox 1348 2275 1401 2313; x_wconf 81' lang='lat' dir='ltr'>ac</span> <span class='ocrx_word' id='word_1_227' title='bbox 1423 2259 1564 2315; x_wconf 89' lang='lat' dir='ltr'>fama,</span> <span class='ocrx_word' id='word_1_228' title='bbox 1609 2276 1705 2313; x_wconf 88' lang='lat' dir='ltr'>tum</span> <span class='ocrx_word' id='word_1_229' title='bbox 1730 2268 1825 2332; x_wconf 88' lang='lat' dir='ltr'>ipsa</span> 
     </span>
    </p>
   </div>
   <div class='ocr_carea' id='block_1_5' title="bbox 144 2331 1826 3085">
    <p class='ocr_par' dir='ltr' id='par_1_6' title="bbox 144 2331 1826 3085">
     <span class='ocr_line' id='line_1_27' title="bbox 144 2331 1826 2405; baseline -0.001 -13"><span class='ocrx_word' id='word_1_230' title='bbox 144 2339 260 2403; x_wconf 7' lang='lat' dir='ltr'>spreti</span> <span class='ocrx_word' id='word_1_231' title='bbox 290 2336 411 2390; x_wconf 89' lang='lat' dir='ltr'>ratio</span> <span class='ocrx_word' id='word_1_232' title='bbox 440 2352 496 2387; x_wconf 86' lang='lat' dir='ltr'>ac</span> <span class='ocrx_word' id='word_1_233' title='bbox 532 2335 783 2389; x_wconf 84' lang='lat' dir='ltr'>neceffitas.</span> <span class='ocrx_word' id='word_1_234' title='bbox 853 2331 1028 2397; x_wconf 85' lang='lat' dir='ltr'>Qodfi</span> <span class='ocrx_word' id='word_1_235' title='bbox 1060 2332 1181 2380; x_wconf 86' lang='lat' dir='ltr'>enim</span> <span class='ocrx_word' id='word_1_236' title='bbox 1209 2333 1345 2381; x_wconf 89' lang='lat' dir='ltr'>semel</span> <span class='ocrx_word' id='word_1_237' title='bbox 1378 2335 1611 2396; x_wconf 86' lang='lat' dir='ltr'>appulsam</span> <span class='ocrx_word' id='word_1_238' title='bbox 1652 2341 1826 2405; x_wconf 83' lang='lat' dir='ltr'>Troja-</span> 
     </span>
     <span class='ocr_line' id='line_1_28' title="bbox 146 2407 1825 2496; baseline 0.001 -35"><span class='ocrx_word' id='word_1_239' title='bbox 146 2410 349 2496; x_wconf 52' lang='lat' dir='ltr'>f&#39;4norum</span> <span class='ocrx_word' id='word_1_240' title='bbox 381 2411 443 2462; x_wconf 87' lang='lat' dir='ltr'>ad</span> <span class='ocrx_word' id='word_1_241' title='bbox 464 2407 848 2474; x_wconf 82' lang='lat' dir='ltr'>Carthaginiense</span> <span class='ocrx_word' id='word_1_242' title='bbox 885 2408 1013 2455; x_wconf 89' lang='lat' dir='ltr'>littus</span> <span class='ocrx_word' id='word_1_243' title='bbox 1036 2408 1374 2473; x_wconf 82' lang='lat' dir='ltr'>praeferendum</span> <span class='ocrx_word' id='word_1_244' title='bbox 1396 2410 1483 2457; x_wconf 82' lang='lat' dir='ltr'>effe</span> <span class='ocrx_word' id='word_1_245' title='bbox 1523 2411 1730 2471; x_wconf 86' lang='lat' dir='ltr'>videbat,</span> <span class='ocrx_word' id='word_1_246' title='bbox 1774 2418 1825 2467; x_wconf 88' lang='lat' dir='ltr'>in</span> 
     </span>
     <span class='ocr_line' id='line_1_29' title="bbox 151 2481 1823 2559; baseline 0.001 -24.019"><span class='ocrx_word' id='word_1_247' title='bbox 151 2498 284 2559; x_wconf 54' lang='lat' dir='ltr'>gum</span> <span class='ocrx_word' id='word_1_248' title='bbox 305 2487 499 2554; x_wconf 80' lang='lat' dir='ltr'>antiqua</span> <span class='ocrx_word' id='word_1_249' title='bbox 520 2485 579 2535; x_wconf 86' lang='lat' dir='ltr'>de</span> <span class='ocrx_word' id='word_1_250' title='bbox 599 2483 760 2533; x_wconf 83' lang='lat' dir='ltr'>AEneae</span> <span class='ocrx_word' id='word_1_251' title='bbox 783 2481 1017 2531; x_wconf 88' lang='lat' dir='ltr'>erroribus</span> <span class='ocrx_word' id='word_1_252' title='bbox 1057 2483 1262 2536; x_wconf 83' lang='lat' dir='ltr'>historia,</span> <span class='ocrx_word' id='word_1_253' title='bbox 1294 2500 1393 2547; x_wconf 80' lang='lat' dir='ltr'>quae</span> <span class='ocrx_word' id='word_1_254' title='bbox 1417 2484 1765 2550; x_wconf 83' lang='lat' dir='ltr'>Carthaginis</span> <span class='ocrx_word' id='word_1_255' title='bbox 1751 2510 1823 2540; x_wconf 78' lang='lat' dir='ltr'>in-</span> 
     </span>
     <span class='ocr_line' id='line_1_30' title="bbox 155 2552 1820 2634; baseline -0.005 -15.866"><span class='ocrx_word' id='word_1_256' title='bbox 155 2552 412 2634; x_wconf 52' lang='grc' dir='ltr'>ζζὲηῐιεὼιάει</span> <span class='ocrx_word' id='word_1_257' title='bbox 433 2559 770 2613; x_wconf 85' lang='lat' dir='ltr'>antevertebat‚</span> <span class='ocrx_word' id='word_1_258' title='bbox 803 2556 916 2623; x_wconf 89' lang='lat' dir='ltr'>quid</span> <span class='ocrx_word' id='word_1_259' title='bbox 938 2557 997 2605; x_wconf 92' lang='lat' dir='ltr'>de</span> <span class='ocrx_word' id='word_1_260' title='bbox 1028 2557 1116 2605; x_wconf 88' lang='lat' dir='ltr'>hac</span> <span class='ocrx_word' id='word_1_261' title='bbox 1141 2557 1253 2605; x_wconf 87' lang='lat' dir='ltr'>urbe</span> <span class='ocrx_word' id='word_1_262' title='bbox 1277 2558 1399 2612; x_wconf 86' lang='lat' dir='ltr'>aliud</span> <span class='ocrx_word' id='word_1_263' title='bbox 1424 2563 1670 2611; x_wconf 88' lang='lat' dir='ltr'>memorari</span> <span class='ocrx_word' id='word_1_264' title='bbox 1687 2578 1820 2629; x_wconf 86' lang='lat' dir='ltr'>pote-</span> 
     </span>
     <span class='ocr_line' id='line_1_31' title="bbox 146 2633 1822 2719; baseline -0.004 -26.92"><span class='ocrx_word' id='word_1_265' title='bbox 146 2654 277 2704; x_wconf 46' lang='lat' dir='ltr'>tut</span> <span class='ocrx_word' id='word_1_266' title='bbox 308 2656 452 2713; x_wconf 86' lang='lat' dir='ltr'>quam</span> <span class='ocrx_word' id='word_1_267' title='bbox 470 2637 569 2703; x_wconf 90' lang='lat' dir='ltr'>ipsa</span> <span class='ocrx_word' id='word_1_268' title='bbox 600 2636 699 2700; x_wconf 87' lang='lat' dir='ltr'>ejus</span> <span class='ocrx_word' id='word_1_269' title='bbox 722 2633 1021 2700; x_wconf 86' lang='lat' dir='ltr'>primordia?</span> <span class='ocrx_word' id='word_1_270' title='bbox 1075 2635 1229 2700; x_wconf 82' lang='lat' dir='ltr'>Qam</span> <span class='ocrx_word' id='word_1_271' title='bbox 1254 2648 1562 2719; x_wconf 82' lang='lat' dir='ltr'>opportunum</span> <span class='ocrx_word' id='word_1_272' title='bbox 1585 2651 1739 2690; x_wconf 89' lang='lat' dir='ltr'>autem</span> <span class='ocrx_word' id='word_1_273' title='bbox 1762 2643 1822 2693; x_wconf 85' lang='lat' dir='ltr'>ad</span> 
     </span>
     <span class='ocr_line' id='line_1_32' title="bbox 245 2708 1821 2775; baseline -0.003 -7.903"><span class='ocrx_word' id='word_1_274' title='bbox 245 2719 415 2772; x_wconf 81' lang='lat' dir='ltr'>“ticam</span> <span class='ocrx_word' id='word_1_275' title='bbox 446 2712 768 2764; x_wconf 64' lang='lat' dir='ltr'>tractationem</span> <span class='ocrx_word' id='word_1_276' title='bbox 798 2710 874 2758; x_wconf 88' lang='lat' dir='ltr'>vel</span> <span class='ocrx_word' id='word_1_277' title='bbox 894 2709 944 2759; x_wconf 87' lang='lat' dir='ltr'>in</span> <span class='ocrx_word' id='word_1_278' title='bbox 966 2708 1102 2772; x_wconf 71' lang='lat' dir='ltr'>epico</span> <span class='ocrx_word' id='word_1_279' title='bbox 1131 2711 1335 2758; x_wconf 87' lang='lat' dir='ltr'>carmine</span> <span class='ocrx_word' id='word_1_280' title='bbox 1370 2725 1691 2775; x_wconf 86' lang='lat' dir='ltr'>argumentum</span> <span class='ocrx_word' id='word_1_281' title='bbox 1715 2719 1821 2767; x_wconf 77' lang='lat' dir='ltr'>esset</span> 
     </span>
     <span class='ocr_line' id='line_1_33' title="bbox 159 2783 1818 2857; baseline -0.007 -9.883"><span class='ocrx_word' id='word_1_282' title='bbox 159 2810 334 2857; x_wconf 60' lang='lat' dir='ltr'>vmmor,</span> <span class='ocrx_word' id='word_1_283' title='bbox 356 2786 606 2857; x_wconf 85' lang='lat' dir='ltr'>Apollonii</span> <span class='ocrx_word' id='word_1_284' title='bbox 628 2785 842 2850; x_wconf 88' lang='lat' dir='ltr'>exemplo</span> <span class='ocrx_word' id='word_1_285' title='bbox 864 2783 1126 2848; x_wconf 86' lang='lat' dir='ltr'>intelligere</span> <span class='ocrx_word' id='word_1_286' title='bbox 1147 2795 1349 2848; x_wconf 92' lang='lat' dir='ltr'>poterat,</span> <span class='ocrx_word' id='word_1_287' title='bbox 1383 2785 1463 2848; x_wconf 85' lang='lat' dir='ltr'>qui</span> <span class='ocrx_word' id='word_1_288' title='bbox 1486 2785 1604 2837; x_wconf 88' lang='lat' dir='ltr'>hunc</span> <span class='ocrx_word' id='word_1_289' title='bbox 1629 2788 1818 2851; x_wconf 88' lang='lat' dir='ltr'>quidem</span> 
     </span>
     <span class='ocr_line' id='line_1_34' title="bbox 151 2809 1816 2938; baseline -0.005 -21.893"><span class='ocrx_word' id='word_1_290' title='bbox 151 2850 381 2938; x_wconf 59' lang='lat' dir='ltr'>¹&amp;icturi</span> <span class='ocrx_word' id='word_1_291' title='bbox 367 2883 420 2916; x_wconf 85' lang='lat' dir='ltr'>m</span> <span class='ocrx_word' id='word_1_292' title='bbox 413 2809 639 2915; x_wconf 70' lang='lat' dir='ltr'>PMedeae</span> <span class='ocrx_word' id='word_1_293' title='bbox 662 2871 712 2909; x_wconf 87' lang='lat' dir='ltr'>et</span> <span class='ocrx_word' id='word_1_294' title='bbox 741 2858 921 2922; x_wconf 89' lang='lat' dir='ltr'>Jasonis</span> <span class='ocrx_word' id='word_1_295' title='bbox 955 2857 1190 2906; x_wconf 88' lang='lat' dir='ltr'>amoribus</span> <span class='ocrx_word' id='word_1_296' title='bbox 1213 2858 1406 2923; x_wconf 87' lang='lat' dir='ltr'>egregie</span> <span class='ocrx_word' id='word_1_297' title='bbox 1436 2861 1643 2911; x_wconf 65' lang='lat' dir='ltr'>tractasse</span> <span class='ocrx_word' id='word_1_298' title='bbox 1666 2863 1816 2916; x_wconf 82' lang='lat' dir='ltr'>videri</span> 
     </span>
     <span class='ocr_line' id='line_1_35' title="bbox 155 2931 1817 3014; baseline -0.01 -15.751"><span class='ocrx_word' id='word_1_299' title='bbox 155 2933 337 3014; x_wconf 56' lang='grc' dir='ltr'>ξᾶὲδιῑ.</span> <span class='ocrx_word' id='word_1_300' title='bbox 381 2935 497 2988; x_wconf 85' lang='lat' dir='ltr'>Sed</span> <span class='ocrx_word' id='word_1_301' title='bbox 517 2934 746 3001; x_wconf 84' lang='lat' dir='ltr'>Virgilius</span> <span class='ocrx_word' id='word_1_302' title='bbox 764 2945 811 2981; x_wconf 87' lang='lat' dir='ltr'>et</span> <span class='ocrx_word' id='word_1_303' title='bbox 826 2932 957 2981; x_wconf 89' lang='lat' dir='ltr'>illum</span> <span class='ocrx_word' id='word_1_304' title='bbox 980 2945 1027 2980; x_wconf 84' lang='lat' dir='ltr'>ct</span> <span class='ocrx_word' id='word_1_305' title='bbox 1045 2931 1190 2996; x_wconf 82' lang='lat' dir='ltr'>ipsum</span> <span class='ocrx_word' id='word_1_306' title='bbox 1207 2932 1467 2988; x_wconf 82' lang='lat' dir='ltr'>Homerum</span> <span class='ocrx_word' id='word_1_307' title='bbox 1488 2934 1629 2998; x_wconf 84' lang='lat' dir='ltr'>longe</span> <span class='ocrx_word' id='word_1_308' title='bbox 1653 2938 1749 2997; x_wconf 89' lang='lat' dir='ltr'>post</span> <span class='ocrx_word' id='word_1_309' title='bbox 1771 2937 1817 2987; x_wconf 81' lang='lat' dir='ltr'>se</span> 
     </span>
     <span class='ocr_line' id='line_1_36' title="bbox 161 2995 1813 3085; baseline -0.004 -19.989"><span class='ocrx_word' id='word_1_310' title='bbox 161 2995 303 3085; x_wconf 43' lang='lat' dir='ltr'>{reliq</span> <span class='ocrx_word' id='word_1_311' title='bbox 300 3012 406 3064; x_wconf 79' lang='lat' dir='ltr'>uifl&#39;e</span> <span class='ocrx_word' id='word_1_312' title='bbox 436 3008 700 3066; x_wconf 85' lang='lat' dir='ltr'>dicendus;</span> <span class='ocrx_word' id='word_1_313' title='bbox 733 3005 858 3073; x_wconf 83' lang='lat' dir='ltr'>quod</span> <span class='ocrx_word' id='word_1_314' title='bbox 880 3006 1087 3071; x_wconf 90' lang='lat' dir='ltr'>quidem,</span> <span class='ocrx_word' id='word_1_315' title='bbox 1121 3006 1154 3053; x_wconf 89' lang='lat' dir='ltr'><strong>fi</strong></span> <span class='ocrx_word' id='word_1_316' title='bbox 1175 3008 1296 3053; x_wconf 52' lang='lat' dir='ltr'>reste</span> <span class='ocrx_word' id='word_1_317' title='bbox 1321 3005 1499 3067; x_wconf 87' lang='lat' dir='ltr'>judico,</span> <span class='ocrx_word' id='word_1_318' title='bbox 1522 3007 1701 3057; x_wconf 85' lang='lat' dir='ltr'>duobus</span> <span class='ocrx_word' id='word_1_319' title='bbox 1726 3027 1813 3074; x_wconf 91' lang='lat' dir='ltr'>po-</span> 
     </span>
    </p>
   </div>
   <div class='ocr_carea' id='block_1_6' title="bbox 49 3070 1813 3163">
    <p class='ocr_par' dir='ltr' id='par_1_7' title="bbox 49 3070 1813 3163">
     <span class='ocr_line' id='line_1_37' title="bbox 49 3070 1813 3163; baseline -0.005 -25"><span class='ocrx_word' id='word_1_320' title='bbox 49 3070 55 3160; x_wconf 27' lang='lat' dir='ltr'><em>L</em></span> <span class='ocrx_word' id='word_1_321' title='bbox 87 3085 91 3089; x_wconf 64' lang='grc'>’</span> <span class='ocrx_word' id='word_1_322' title='bbox 170 3088 418 3163; x_wconf 58' lang='lat' dir='ltr'>,nmmum</span> <span class='ocrx_word' id='word_1_323' title='bbox 415 3084 564 3136; x_wconf 86' lang='lat' dir='ltr'>modis</span> <span class='ocrx_word' id='word_1_324' title='bbox 581 3084 834 3148; x_wconf 76' lang='lat' dir='ltr'>assequutus</span> <span class='ocrx_word' id='word_1_325' title='bbox 857 3081 937 3136; x_wconf 86' lang='lat' dir='ltr'>est,</span> <span class='ocrx_word' id='word_1_326' title='bbox 967 3079 1140 3145; x_wconf 80' lang='lat' dir='ltr'>partim</span> <span class='ocrx_word' id='word_1_327' title='bbox 1162 3080 1285 3145; x_wconf 86' lang='lat' dir='ltr'>quod</span> <span class='ocrx_word' id='word_1_328' title='bbox 1309 3080 1624 3144; x_wconf 76' lang='lat' dir='ltr'>Tragicorum</span> <span class='ocrx_word' id='word_1_329' title='bbox 1653 3085 1813 3147; x_wconf 88' lang='lat' dir='ltr'>gravi-</span> 
     </span>
    </p>
   </div>
   <div class='ocr_carea' id='block_1_7' title="bbox 0 0 99 4030">
    <p class='ocr_par' dir='ltr' id='par_1_8' title="bbox 0 0 99 4030">
     <span class='ocr_line' id='line_1_38' title="bbox 0 0 99 4030; baseline 0 0"><span class='ocrx_word' id='word_1_330' title='bbox 0 0 99 4030; x_wconf 95' lang='lat' dir='ltr'> </span> 
     </span>
    </p>
   </div>
   <div class='ocr_carea' id='block_1_8' title="bbox 170 3152 1812 3473">
    <p class='ocr_par' dir='ltr' id='par_1_9' title="bbox 170 3152 1812 3452">
     <span class='ocr_line' id='line_1_39' title="bbox 170 3152 1812 3225; baseline -0.009 -10"><span class='ocrx_word' id='word_1_331' title='bbox 170 3168 325 3225; x_wconf 49' lang='lat' dir='ltr'>tatem</span> <span class='ocrx_word' id='word_1_332' title='bbox 339 3174 386 3212; x_wconf 89' lang='lat' dir='ltr'>et</span> <span class='ocrx_word' id='word_1_333' title='bbox 398 3157 568 3210; x_wconf 72' lang='lat' dir='ltr'>amoris</span> <span class='ocrx_word' id='word_1_334' title='bbox 583 3156 876 3211; x_wconf 76' lang='lat' dir='ltr'>atrocitatem</span> <span class='ocrx_word' id='word_1_335' title='bbox 893 3153 1036 3219; x_wconf 86' lang='lat' dir='ltr'>sequi,</span> <span class='ocrx_word' id='word_1_336' title='bbox 1070 3165 1250 3217; x_wconf 76' lang='lat' dir='ltr'>partem</span> <span class='ocrx_word' id='word_1_337' title='bbox 1262 3152 1387 3217; x_wconf 87' lang='lat' dir='ltr'>quod</span> <span class='ocrx_word' id='word_1_338' title='bbox 1405 3154 1466 3211; x_wconf 72' lang='lat' dir='ltr'>ab</span> <span class='ocrx_word' id='word_1_339' title='bbox 1480 3155 1656 3212; x_wconf 86' lang='lat' dir='ltr'>heroici</span> <span class='ocrx_word' id='word_1_340' title='bbox 1672 3157 1812 3206; x_wconf 86' lang='lat' dir='ltr'>moris</span> 
     </span>
     <span class='ocr_line' id='line_1_40' title="bbox 174 3225 1808 3314; baseline -0.006 -25.994"><span class='ocrx_word' id='word_1_341' title='bbox 174 3231 477 3314; x_wconf 57' lang='lat' dir='ltr'>fimplidtate</span> <span class='ocrx_word' id='word_1_342' title='bbox 482 3230 561 3283; x_wconf 69' lang='lat' dir='ltr'>ad</span> <span class='ocrx_word' id='word_1_343' title='bbox 571 3229 924 3282; x_wconf 68' lang='lat' dir='ltr'>elaboratiorem</span> <span class='ocrx_word' id='word_1_344' title='bbox 939 3244 994 3277; x_wconf 90' lang='lat' dir='ltr'>ac</span> <span class='ocrx_word' id='word_1_345' title='bbox 1010 3227 1252 3282; x_wconf 84' lang='lat' dir='ltr'>cultiorem</span> <span class='ocrx_word' id='word_1_346' title='bbox 1271 3225 1417 3287; x_wconf 63' lang='lat' dir='ltr'>vitam</span> <span class='ocrx_word' id='word_1_347' title='bbox 1449 3227 1686 3285; x_wconf 68' lang='lat' dir='ltr'>deflectere</span> <span class='ocrx_word' id='word_1_348' title='bbox 1709 3248 1808 3279; x_wconf 86' lang='lat' dir='ltr'>ma-</span> 
     </span>
     <span class='ocr_line' id='line_1_41' title="bbox 175 3300 1811 3382; baseline -0.005 -20"><span class='ocrx_word' id='word_1_349' title='bbox 175 3303 288 3378; x_wconf 69' lang='lat' dir='ltr'>hat,</span> <span class='ocrx_word' id='word_1_350' title='bbox 305 3326 401 3382; x_wconf 83' lang='lat' dir='ltr'>qua</span> <span class='ocrx_word' id='word_1_351' title='bbox 433 3303 613 3370; x_wconf 77' lang='lat' dir='ltr'>decoris</span> <span class='ocrx_word' id='word_1_352' title='bbox 647 3316 698 3356; x_wconf 87' lang='lat' dir='ltr'>et</span> <span class='ocrx_word' id='word_1_353' title='bbox 731 3302 977 3353; x_wconf 82' lang='lat' dir='ltr'>honestatis</span> <span class='ocrx_word' id='word_1_354' title='bbox 1011 3300 1203 3364; x_wconf 85' lang='lat' dir='ltr'>alicujus</span> <span class='ocrx_word' id='word_1_355' title='bbox 1242 3300 1546 3365; x_wconf 83' lang='lat' dir='ltr'>exquifitioris</span> <span class='ocrx_word' id='word_1_356' title='bbox 1582 3302 1811 3370; x_wconf 86' lang='lat' dir='ltr'>famaeque</span> 
     </span>
     <span class='ocr_line' id='line_1_42' title="bbox 170 3374 1811 3473; baseline -0.003 -38.982"><span class='ocrx_word' id='word_1_357' title='bbox 170 3383 366 3450; x_wconf 60' lang='lat' dir='ltr'>{gadem</span> <span class='ocrx_word' id='word_1_358' title='bbox 382 3374 663 3460; x_wconf 70' lang='lat' dir='ltr'>propolim</span> <span class='ocrx_word' id='word_1_359' title='bbox 683 3380 766 3473; x_wconf 67' lang='lat' dir='ltr'>sibi</span> <span class='ocrx_word' id='word_1_360' title='bbox 785 3378 957 3434; x_wconf 84' lang='lat' dir='ltr'>habent</span> <span class='ocrx_word' id='word_1_361' title='bbox 978 3376 1175 3440; x_wconf 66' lang='lat' dir='ltr'>feminae,</span> <span class='ocrx_word' id='word_1_362' title='bbox 1242 3377 1299 3426; x_wconf 88' lang='lat' dir='ltr'>In</span> <span class='ocrx_word' id='word_1_363' title='bbox 1328 3386 1429 3440; x_wconf 73' lang='lat' dir='ltr'>toto</span> <span class='ocrx_word' id='word_1_364' title='bbox 1451 3376 1573 3434; x_wconf 79' lang='lat' dir='ltr'>enim</span> <span class='ocrx_word' id='word_1_365' title='bbox 1598 3378 1811 3444; x_wconf 81' lang='lat' dir='ltr'>Homero</span> 
     </span>
    </p>
   </div>
  </div>
 </body>
</html>
