2294 4030
585 285 737 347 AD
807 283 1422 351 LIBRUMIL
1686 303 1810 369 ³17
1893 322 1895 325 -

167 450 359 509 οιιιιιὶιιιι
388 452 533 519 po'e’t'a
568 451 766 518 egregie
803 463 1007 509 tueatur,
1037 446 1217 519 quipfae
1253 454 1332 503 cui
1369 453 1551 520 &inper
1579 454 1667 510 ‘det
1701 473 1810 522 par.

171 541 240 581 uec
274 524 499 592 iubentis,
530 528 860 593 praecipientis,
892 528 1145 586 monentis,
1195 528 1322 593 quod
1371 529 1432 577 ad
1470 545 1718 595 parentum
1748 548 1821 580 ae

147 603 323 666 'senum
358 603 644 669 temporibus
681 602 887 656 heroicis
927 603 1249 653 austeritatem
1273 620 1328 653 ac
1370 604 1658 656 sanffitaxem
1689 625 1810 673 prae-

165 678 291 729 dare
323 680 388 727 est
421 684 761 745 comparatum,
793 677 1010 743 inprimis
1047 689 1204 727 tamen
1246 677 1295 726 ei
1335 677 1580 728 divinandi
1615 694 1665 729 et
1701 699 1810 730 cum

163 745 381 820 auguria,
406 753 573 804 omina
610 770 667 803 ac
704 746 898 808 somnia,
932 765 1033 801 tum
1054 753 1245 802 oracuia
1287 752 1625 818 interpretandi
1654 755 1812 805 facui-

166 840 314 879 tatem
335 824 478 879 tribui
507 828 783 894 aVirgilio,
818 841 868 876 ut
889 827 972 876 hb
1007 829 1080 883 ΙΙ,
1120 828 1215 892 687
1257 827 1358 892 sqq.
1403 830 1502 884 111,
1541 832 1811 895 538.V11‚

173 917 265 953 122
288 903 378 973 sq„
411 903 539 969 quod
562 904 701 952 Ennii
733 919 826 951 non
858 903 1000 951 modo
1031 915 1079 951 et
1102 903 1262 952 Naevii
1286 902 1561 952 auetoritate
1596 903 1714 952 facit
1733 905 1814 953 sed

168 979 447 1027 Graecorum
469 978 568 1027 fere
603 978 878 1042 scriptorum
900 978 1135 1027 consensu.
1188 978 1331 1027 Ennii
1361 980 1518 1028 versus
1554 991 1687 1028 erat:
1724 982 1814 1028 At-

165 1072 245 1120 que
265 1055 465 1119 Amhfsts
486 1056 644 1111 dobi'u',
681 1058 819 1103 Venus
841 1074 960 1119 quem
975 1054 1125 1119 polcra
1147 1058 1322 1104 dearum
1344 1057 1462 1105 Fari
1494 1059 1703 1110 donavit,
1737 1060 1788 1103 di
1795 1086 1812 1094 -

166 1132 322 1177 vinum
335 1137 482 1194 pellas
501 1129 689 1179 habere:
727 1131 763 1178 F
767 1147 919 1194 ragm.
939 1148 989 1195 p.
1019 1146 1035 1178 1
1053 1147 1096 1186 1,
1120 1130 1200 1179 ubi
1225 1132 1456 1180 Columna
1478 1132 1635 1180 locum
1657 1131 1816 1179 Naevii

166 1202 398 1268 apposuit.
464 1206 677 1269 Uterque
703 1205 901 1253 habetur
920 1204 971 1252 in
1008 1205 1163 1254 Probo
1185 1205 1244 1253 ad
1281 1205 1384 1254 Eel.
1419 1205 1514 1260 VI,
1539 1218 1588 1255 et
1609 1206 1657 1253 in
1682 1204 1815 1253 Pom-

162 1278 309 1344 ponio
346 1278 407 1327 ad
444 1279 490 1327 h.
531 1279 564 1326 l.
635 1278 794 1327 Etiam
821 1279 1070 1344 Sophocles
1105 1280 1150 1327 in
1185 1282 1457 1328 Laocoonte
1500 1281 1700 1328 AEneam
1738 1280 1811 1328 in-

161 1353 361 1404 duxerat
384 1354 435 1403 in
474 1354 608 1403 Idam
647 1355 938 1403 secedentem
980 1355 1192 1404 Anchisae
1232 1356 1376 1418 patris
1413 1355 1549 1418 juffu,
1586 1355 1667 1421 qui
1708 1373 1817 1419 par-

161 1427 253 1477 tim
296 1441 599 1495 acceptorum
639 1447 667 1478 a
704 1431 890 1495 Venere
934 1430 1261 1479 mandatorum
1303 1449 1481 1479 memor
1528 1435 1609 1495 (ex
1647 1433 1815 1495 quibus

163 1503 395 1570 Virgilius
428 1505 650 1553 mandata
672 1505 870 1554 Veneris
893 1507 1057 1554 AEneae
1080 1505 1188 1553 data
1210 1507 1494 1555 adumbrasse
1518 1508 1709 1557 videtur
1742 1511 1816 1565 ΙΙ,

3 1575 5 1582 ’
102 1584 103 1587 ’
164 1579 263 1644 619
285 1580 411 1644 sqq.)
440 1580 613 1645 partim
636 1579 926 1645 prodigium,
961 1580 1087 1644 quod
1121 1580 1262 1628 modo
1301 1581 1348 1628 in
1385 1583 1657 1631 Laocoonte
1697 1583 1816 1644 ejus-

134 1650 255 1720 ¹que
300 1654 404 1704 filiis
447 1655 703 1717 acciderat,
736 1655 1084 1719 interpretatus,
1134 1656 1262 1704 urbis
1299 1656 1541 1705 interitum
1589 1660 1816 1719 praevide-

169 1729 253 1778 bat
275 1746 352 1795 ap.
378 1729 578 1795 Dionys.
604 1732 648 1786 I,
684 1735 768 1796 48.
835 1730 1034 1779 Veneris
1067 1730 1186 1791 juss‘u
1225 1733 1426 1781 AEneam
1459 1732 1643 1796 fugiffe,
1676 1733 1820 1781 etiam

165 1805 294 1870 apud
319 1806 602 1854 Cononem'
588 1807 798 1854 mvenias
822 1807 1016 1856 Narrat.
1043 1807 1230 1870 XLVI,
1265 1825 1367 1871 quae
1391 1819 1438 1854 et
1473 1820 1714 1856 monuerat
1737 1826 1820 1856 ur-

164 1880 275 1930 bem
295 1897 354 1930 eo
390 1882 498 1931 loco
529 1882 840 1971 condendam?
877 1882 954 1930 ubi
976 1873 1148 1931 bovem
1181 1882 1264 1931 fibi
1287 1882 1528 1948 admugire
1559 1883 1821 1948 deprehen-

118 1995 121 1997 .
160 1957 291 2005 surus
314 1957 438 2005 effet.

232 2033 312 2080 De
336 2031 500 2095 Creustz
519 2031 727 2080 Excursu
751 2031 870 2079 XIV
894 2031 1096 2096 egimus.
1169 2030 1280 2085 Sed,
1319 2048 1461 2096 quarn
1490 2033 1619 2081 varie
1658 2034 1821 2083 AEnei-

164 2106 238 2156 dis
273 2107 604 2172 argumentum
638 2125 667 2155 a
698 2108 851 2173 poetis
890 2111 1137 2157 trastatum
1177 2107 1337 2161 fuerit,
1372 2109 1515 2156 etiam
1540 2127 1597 2158 ex
1620 2111 1822 2175 conjuge

120 2181 127 2185 ’
163 2185 330 2233 AEneae
351 2181 461 2230 data
483 2195 699 2248 apparet.
770 2184 966 2231 Codonen
1002 2196 1054 2232 et
1075 2185 1366 2231 Anthemonen
1387 2183 1510 2248 ipfi
1499 2203 1545 2232 ιιι
1568 2186 1814 2234 matrimo-

162 2256 246 2305 nio
265 2256 447 2306 habitas
470 2273 532 2306 ex
565 2257 710 2321 iisque
747 2257 861 2304 duas
901 2253 1015 2321 filias
1055 2258 1285 2321 susceptas
1323 2257 1373 2304 in
1403 2258 1611 2306 Arcadia
1636 2260 1816 2308 reliftas

119 2393 124 2395 -
163 2332 245 2382 vel
281 2332 486 2381 elocatas
510 2349 571 2380 ex
595 2332 859 2396 Agathyllo
894 2332 1083 2394 Arcade
1118 2332 1278 2381 videas
1301 2348 1381 2395 ap.
1408 2332 1606 2396 Dionys.
1631 2334 1742 2381 Hal.
1781 2334 1825 2389 Ι,

163 2424 267 2473 49;
301 2419 350 2455 at
392 2406 510 2454 Anii
553 2407 715 2463 filiam,
747 2407 974 2462 Launam,
1001 2406 1160 2454 AEneae
1205 2406 1496 2469 desponsam,
1556 2408 1819 2456 videbimus

164 2483 289 2531 Exc.
309 2481 416 2530 Iad
438 2482 524 2531 lib.
547 2493 655 2530 tert.
725 2481 853 2531 Hinc
875 2480 1020 2531 etiam
1043 2482 1092 2530 in
1131 2482 1288 2530 liberis
1317 2481 1613 2547 adsignandis
1646 2501 1823 2548 magna

166 2556 444 2614 diversitas,
431 2576 444 2586 ·
479 2558 542 2606 cf.
566 2557 769 2621 Dionys.
793 2558 905 2606 Hal.
928 2557 973 2613 Ι,
993 2574 1075 2622 7²·

144 2695 148 2697 ‚
236 2630 380 2696 Qud
418 2629 607 2678 tandem
653 2630 713 2678 ad
750 2631 979 2695 Astanium
1024 2630 1210 2685 attinet,
1234 2628 1467 2689 Homero
1514 2631 1701 2695 quidem
1742 2634 1829 2698 ipsi

160 2719 412 2781 nunquam
450 2717 783 2760 memoratum,
817 2723 924 2753 eum
963 2705 1156 2769 quidem
1193 2705 1242 2752 in
1283 2704 1475 2752 Troade
1512 2706 1720 2755 relietum
1742 2724 1828 2755 no—

160 2799 288 2833 vum
326 2779 601 2830 constituisse
642 2797 861 2846 regnum,
912 2780 1072 2846 paullo
1108 2793 1218 2828 ante
1255 2797 1282 2826 a
1323 2779 1552 2827 nonnullis
1589 2781 1830 2845 proditum

159 2837 396 2942 ζνίᾶίιιιιιε.
466 2844 781 2903 Communior
826 2867 987 2903 tamen
1017 2854 1199 2919 opinio,
1248 2853 1498 2902 secundum
1541 2855 1823 2919 Dionysium

162 2930 336 2991 §Halia
348 2947 546 2996 quoque
583 2943 630 2979 et
666 2929 821 2981 Strab.
860 2930 1003 2983 XIII,
1026 2948 1079 2995 p.
1103 2929 1200 2977 608
1231 2932 1294 2984 A,
1329 2929 1419 2976 fuit
1443 2929 1558 2983 haec,
1594 2946 1828 2981 eumcum

163 2999 314 3073 §patre
336 3006 388 3055 in
422 3006 833 3063 Italiam,‚xen1ffe.
900 3005 1095 3063 Ascanii
1136 3004 1378 3055 nomenin
1402 3005 1517 3070 fuga
1537 3004 1723 3054 demum
1746 3006 1832 3071 ipfi

151 3081 399 3143 ‘ginditum
433 3097 543 3130 cum
563 3082 692 3147 prius
729 3083 838 3131 effet
875 3081 1107 3144 Euryleon,
1143 3082 1266 3145 apud
1304 3080 1506 3144 Dionys.
1531 3079 1573 3134 I,
1608 3080 1668 3146 65
1694 3098 1832 3146 repe-

168 3145 296 3214 ¹rias,
336 3157 456 3206 adde
485 3157 625 3224 Orig.
657 3160 725 3207 G.
762 3160 905 3207 Rom.
949 3173 1026 3222 14,
1051 3158 1175 3222 quod
1207 3169 1256 3205 et
1283 3156 1431 3220 ipsum
1467 3155 1660 3220 antiquo
1680 3161 1832 3220 poe'tae

151 3242 154 3245 ’
174 3227 345 3282 ¹deberi
365 3231 572 3282 videtur.
638 3234 760 3282 Alios
781 3236 862 3282 duo
877 3231 1097 3298 parvulos
1106 3232 1229 3296 filios
1247 3231 1449 3279 abdufflos
1465 3230 1524 3279 ab
1545 3232 1706 3280 AEnea
1728 3247 1831 3283 tra-

182 3310 300 3363 dere,
332 3306 441 3355 alios
478 3327 623 3368 unum,
656 3313 725 3356 cui
763 3307 857 3355 Iulo
897 3324 1132 3371 cognomen,
1159 3308 1250 3369 post
1288 3310 1420 3352 etiam
1441 3305 1642 3367 Astanio,
1659 3312 1833 3371 fuerit,

167 3380 311 3446 secum
349 3381 554 3446 extulisti,
589 3384 668 3447 Q
696 3380 914 3430 Lutatius
958 3379 1178 3443 scriptum
1204 3378 1473 3443 reliquerat,
1508 3396 1558 3427 v.
1594 3381 1735 3446 Orig.
1765 3384 1833 3431 G.

186 3458 329 3509 Rom.
352 3473 395 3508 c.
421 3473 473 3524 9,
492 3468 542 3505 et
564 3456 624 3506 fic
646 3473 706 3506 ex
727 3455 979 3507 Hellanico
1001 3466 1161 3503 narrat
1183 3453 1381 3518 Dionys.
1406 3453 1451 3509 Ι,
1477 3468 1539 3519 47
1564 3455 1724 3503 relicto
1743 3456 1833 3504 As-

1704 3546 1841 3582 camo
