2294 4030
534 311 1272 377 ·AD*LIB·RUM
1343 313 1452 375 vl..
1744 327 1854 401 εις

217 481 441 532 wbviam.
508 479 642 529 Intra
677 479 809 528 idem<
842 493 1089 527 commune
1121 477 1373 526 multorum
1410 477 1652 528 inventum
1687 479 1878 531 substitit

217 557 671 607 nudor-Henriadis.
739 555 867 603 Nam
889 567 1044 601 emota
1078 569 1106 616 a
1141 553 1192 601 S.
1227 553 1474 604 Ludovico
1509 568 1663 606 mente
1702 556 1879 606 Hem-i-

166 646 176 652 '
235 648 319 682 cus,
374 631 594 694 abreptus
645 640 865 694 peragrat
910 628 1070 675 caelum
1111 643 1166 675 ac
1203 627 1368 682 fidera,
1402 629 1582 694 regiam
1627 632 1721 686 dei,
1755 633 1879 681 Tar·

234 718 389 756 tarum
421 717 470 755 et
505 704 728 769 Elysium,
762 701 970 756 tandem,
1003 701 1080 749 ubi
1122 701 1181 749 ad
1226 703 1451 752 Fatorum
1504 706 1728 769 palatium
1773 717 1880 769 per-

237 781 388 837 venit,
421 796 601 833 eorum,
648 778 729 843 qui
760 776 1033 830 nascentur,
1087 777 1324 825 fimulacra
1365 790 1413 825 et
1455 779 1608 828 εἴδωλα
1657 779 1877 843 dispicjtg.

236 856 398 906 omnia
418 856 613 904 traaata
635 853 736 901 sunt
771 863 870 898 arte
909 848 1014 898 {atis
1056 850 1260 913 vulgari,
1294 864 1342 899 et
1378 852 1586 916 argutius
1625 855 1770 900 multo
1802 872 1879 905 re-

237 931 385 998 petita
425 931 474 980 in
514 927 830 978 Aurelianenfi
871 926 1058 990 puella3
1094 925 1175 972 nifi
1205 926 1331 989 quod
1367 929 1614 991 praeclarus
1643 930 1782 976 locus·
1815 930 1883 978 seq·

239 1009 419 1074 quitur,
453 1006 533 1055 ubi
570 1003 769 1054 Henriei
808 1001 1118 1065 posteritatem
1163 1016 1378 1048 enarrare
1421 1003 1617 1053 orditur.
1697 1004 1885 1054 Inventi

239 1083 498 1136 novitatem
534 1094 586 1131 ut
618 1081 668 1129 in
707 1078 898 1144 reliquis
935 1077 1151 1125 carminis
1174 1078 1381 1145 partibus
1403 1078 1470 1126 ita
1493 1093 1540 1128 et
1576 1082 1624 1129 in
1654 1082 1742 1130 hae
1765 1082 1885 1133 defi-

240 1163 376 1211 deres
405 1161 459 1210 in
499 1158 808 1210 Columbiade
848 1155 1154 1216 (Colombz’ade
1185 1158 1236 1202 de
1269 1157 1377 1202 Mme
1410 1160 1467 1204 du
1506 1160 1694 1223 Boccage
1724 1161 1883 1210 Chant

242 1238 368 1296 IX).
437 1237 601 1285 Zamae
621 1234 777 1282 anima
800 1231 860 1280 ad
885 1231 1167 1279 columbum
1189 1230 1248 1278 de
1272 1232 1382 1279 caelo
1407 1232 1589 1296 delapsa
1619 1251 1711 1284 non
1743 1237 1886 1285 modo

242 1314 424 1364 futuros
448 1312 671 1362 Columbi
695 1311 824 1360 casus
848 1309 924 1363 sed
955 1309 1096 1356 totius
1139 1307 1336 1372 Europae
1373 1309 1468 1357 fata
1502 1311 1606 1359 satis
1643 1313 1702 1360 ab
1740 1330 1886 1379 argu-

243 1404 403 1445 mento
424 1391 574 1440 aliena
603 1389 814 1454 exponit.
884 1386 1038 1434 Puella
1069 1385 1380 1450 Aurelianerfis
1405 1389 1634 1451 Capellani
1670 1406 1760 1437 non
1796 1393 1885 1440 mi.

243 1487 331 1519 nus
351 1470 533 1518 laborat
553 1468 604 1516 in
627 1483 684 1515 eo
706 1464 912 1531 episodio
937 1462 1072 1527 (Lib.
1097 1463 1276 1523 VIII),
1312 1481 1405 1527 quo
1426 1465 1474 1511 in
1512 1481 1645 1515 antro
1673 1470 1887 1517 Marcul-

242 1545 327 1612 phi
365 1544 589 1596 eremitae,
622 1560 708 1607 per
744 1540 892 1589 visum
936 1538 1148 1603 precibus
1205 1551 1253 1585 et
1291 1540 1554 1590 novemdiali
1593 1544 1721 1591 sacro
1765 1547 1886 1593 effla-

242 1622 467 1689 gitatum,
512 1620 639 1684 Regi
679 1617 852 1666 Carolo
897 1632 1004 1663 cum
1063 1612 1196 1662 sociis
1239 1613 1394 1662 futura
1433 1615 1529 1664 fata
1579 1619 1738 1682 angeli
1772 1637 1890 1668 voce

245 1703 539 1749 enarrantur.
607 1692 750 1743 Miris
785 1690 934 1740 modis
958 1688 1181 1736 Veritatis
1204 1687 1279 1735 seu
1315 1690 1537 1738 Fatorum
1562 1693 1712 1741 verius
1743 1695 1891 1743 Tem-

246 1775 379 1840 plum
416 1771 652 1836 descripsit
692 1767 899 1833 explosus
941 1783 968 1813 a
1003 1763 1231 1828 plerisque
1256 1769 1395 1826 po'eta
1420 1765 1584 1813 Gallus
1618 1770 1893 1831 (Dqstnarets

248 1849 409 1896 Clovis
432 1847 604 1895 Chant.
630 1846 749 1906 IV).
775 1841 993 1891 clotildis
1018 1857 1043 1887 a
1062 1839 1108 1887 S.
1132 1839 1334 1903 Virgine
1356 1855 1412 1886 eo
1431 1840 1623 1889 deduCta
1641 1843 1686 1888 in
1706 1844 1894 1905 crystal-

245 1923 352 1973 linis
381 1921 637 1986 parietibus
675 1920 828 1967 futura
866 1916 1030 1963 diserte
1070 1914 1175 1961 satis
1223 1914 1478 1978 cognoscit.
1555 1916 1893 1964 Necromantia

249 1997 321 2053 uti
343 1997 489 2044 bonus
514 1997 759 2055 Ronstzrdus
793 1993 863 2057 (in
890 1992 1137 2041 Franciade
1161 1987 1265 2035 Liv.
1288 1988 1382 2048 IV)
1411 2006 1499 2036 non
1523 1991 1699 2056 refugit
1718 2013 1731 2048 ;
1766 2005 1812 2038 et
1836 1991 1894 2039 ad

251 2072 353 2122 Silii
383 2071 482 2119 fere
503 2070 767 2133 exemplum
809 2066 1017 2120 Alarico,
1052 2065 1163 2111 dum
1194 2081 1277 2127 per
1318 2080 1372 2111 ea
1410 2065 1512 2112 loca
1550 2068 1706 2131 copias
1746 2068 1897 2122 ducit,

250 2151 436 2196 antrum
485 2145 749 2192 Cumanum
792 2142 992 2205 ingress‘o
1038 2139 1217 2201 Sibylla
1254 2138 1299 2185 in
1345 2139 1637 2203 conspectum
1677 2142 1895 2207 prodiens

251 2222 407 2273 futura
433 2221 530 2267 fata
552 2217 700 2283 aperit
729 2215 917 2273 (Alaric
938 2234 989 2262 ou
1012 2215 1139 2260 Rome
1161 2217 1349 2260 vaincue
1372 2212 1480 2260 Liv.
1508 2214 1607 2275 X).

318 2297 398 2345 Est
418 2295 601 2348 Melita,
635 2309 822 2342 carmen
842 2291 1046 2356 epicum,
1082 2291 1266 2336 au&0re
1292 2289 1434 2335 Gallo
1464 2291 1671 2349 (Privat
1693 2294 1743 2338 de
1779 2293 1895 2340 Fon-

251 2371 441 2424 tanilles,
474 2370 668 2423 Maltbe,
718 2383 779 2414 ou
820 2366 1120 2429 L'lste-Adam
1158 2376 1251 2411 etc.
1302 2365 1409 2411 Par.
1456 2366 1629 2428 1749),
1682 2367 1762 2429 qui
1818 2367 1899 2419 fibi

251 2446 449 2512 egregie
483 2445 534 2493 in
571 2461 629 2493 eo
659 2444 833 2508 placet,
868 2439 993 2506 quod
1030 2440 1076 2487 in
1116 2439 1445 2488 Pandaemonio
1484 2441 1639 2505 aliquo
1673 2444 1899 2507 Equitum

254 2520 548 2570 Rhodiorum
571 2519 668 2566 fata
698 2535 725 2564 a
751 2518 922 2566 Satana
945 2514 1235 2579 aperiuntur,
1270 2514 1350 2578 qui
1379 2513 1713 2565 Insuladamum
1745 2519 1787 2566 se
1822 2535 1899 2569 ar-

256 2595 435 2644 bitrum
456 2593 677 2643 orationis
700 2593 872 2640 habere
910 2591 1115 2655 ignorat.
1183 2589 1436 2638 Neminem
1462 2604 1616 2640 tamen
1648 2594 1748 2642 vidi
1777 2593 1900 2643 inter

257 2669 426 2719 Gallos
479 2667 674 2733 ingenio
715 2667 866 2732 magis
915 2665 1196 2719 luxuriante,
1231 2682 1390 2729 quam,
1425 2683 1562 2731 quem
1607 2686 1728 2717 nunc
1770 2687 1899 2718 com-

254 2746 527 2796 memorabo
559 2747 642 2811 (Le
663 2747 826 2800 Maiae,
862 2745 907 2791 S.
934 2745 1079 2796 Lvuis,
1114 2758 1189 2790 ou*
1209 2742 1255 2803 [ιζ
1280 2744 1352 2790 Ste
1382 2744 1596 2793 Couronne
1620 2750 1898 2811 reconqug'sb).

224 2842 227 2843 ⁷
258 2822 404 2887 Apud
435 2823 559 2871 hunc
587 2820 742 2885 primo
797 2820 902 2881 (lib.
941 2820 1012 2880 V)
1061 2818 1402 2867 Necromantes
1436 2821 1692 2885 AEgyptius
1732 2822 1901 2873 Manes

265 2908 454 2958 evocat,
486 2908 540 2945 ut
577 2895 770 2944 Sultano
809 2893 1064 2956 praedicant
1102 2892 1212 2940 belli
1235 2892 1441 2948 exitum3
1482 2895 1606 2958 quod
1629 2913 1742 2944 vero
1771 2896 1820 2944 in
1845 2913 1903 2945 eo

179 2990 182 2992 ·
258 2972 471 3023 novitate
509 2971 586 3020 fua
619 2972 793 3034 placet,
827 2971 907 3022 est,
944 2967 1068 3032 quod
1092 2967 1219 3016 circa
1243 2967 1510 3033 Memphim
1545 2970 1603 3017 ad
1631 2971 1903 3035 Pyramides

258 3058 308 3095 et
330 3045 455 3096 inter
475 3044 892 3111 Regum-sepulcra
918 3043 1000 3090 ista
1035 3042 1162 3091 saera
1193 3056 1449 3107 parantur;
1484 3059 1579 3094 tum
1613 3047 1719 3110 (lib.
1743 3047 1896 3108 VIII)

261 3121 312 3172 S..
335 3120 582 3172 Ludovico
611 3116 760 3169 visum
799 3117 1037 3180 objicitur,
1073 3134 1166 3182 quo
1204 3119 1253 3166 in
1290 3120 1452 3169 caelum
1492 3121 1709 3186 abreptus
1746 3122 1901 3173 muni—⁴

259 3195 412 3247 tiones
451 3196 667 3250 caelestes,
700 3211 795 3243 non
833 3194 954 3242 male
991 3193 1194 3243 versibus
1228 3194 1407 3259 aliquot
1441 3195 1709 3261 descriptas,
1742 3197 1904 3253 intrat,

261 3288 351 3336 per
386 3271 541 3336 plures
576 3269 781 3334 sphaera-s⁴
805 3285 861 3318 ac
897 3267 1057 3317 caelam
1090 3269 1401 3332 crystallinum
1439 3272 1626 3319 tandem
1660 3273 1719 3321 ad
1750 3273 1904 3321 sedem

261 3348 450 3397 beatam
474 3346 708 3410 pervenit,
741 3345 870 3408 cujus
910 3343 1183 3406 (secundum
1214 3346 1386 3395 Dantis
1409 3348 1695 3412 exemplum)
1724 3348 1906 3397 diversa

263 3422 391 3488 septa
428 3421 561 3478 sunt3
610 3419 766 3486 primo
801 3420 1018 3476 infantes,
1041 3421 1200 3481 ,altero
1234 3422 1327 3471 viri
1359 3423 1516 3480 saneti,
1567 3424 1705 3474 tertio
1743 3426 1905 3473 heroe's

177 3496 180 3498 ’
263 3495 376 3564 balli,
411 3494 631 3566 paei'sque
665 3495 841 3562 artibus
879 3506 928 3544 et
966 3494 1260 3572 generosiore
1295 3496 1453 3565 aliqua
1498 3498 1672 3549 virtute
1707 3500 1906 3565 infignes

423 3567 426 3578 ²
563 3567 569 3577 ’
748 3565 757 3575 ’
976 3571 992 3579 ’”
1131 3571 1133 3573 ’
1384 3570 1393 3580 ’
1527 3585 1533 3589 “
1659 3566 1909 3625 versantur.
