2294 4030
475 314 597 413 428*
821 329 878 393 E
905 316 967 393 x
999 330 1230 394 c‘UR
1258 334 1299 394 s*
1313 334 1390 408 U
1419 330 1459 396 s
1527 335 1609 397 ιι.
1665 338 1768 399 111

480 495 605 561 ligas
636 515 686 547 v.
722 498 786 564 46
823 499 972 555 Annus
1021 505 1186 550 exac'lis
1235 501 1460 565 completur
1511 506 1634 569 mers
1631 503 1705 553 bus
1753 505 1885 561 orbis,
1931 518 1978 554 et
2022 501 2119 556 626

482 573 670 637 Septima
693 576 782 639 pqst
819 575 970 642 ‘Trqjae
1006 579 1214 624 excidium
1228 580 1334 642 jam
1372 583 1572 628 ‘vertitur
1600 583 1725 641 aestas
1755 593 1845 629 etc.
1936 583 2122 630 Interea

483 647 717 709 Trojanae
742 648 957 698 mulieres
999 650 1145 715 longi
1168 651 1334 700 erroris
1379 653 1515 701 taedio
1563 654 1710 709 victae,
1749 667 1800 703 ut
1839 658 2028 705 tandem
2070 655 2122 705 iti

484 721 646 771 Sicilia
682 724 1008 774 confidendum
1047 728 1171 782 esset,
1216 729 1396 776 classem
1433 728 1715 787 incendunt3
1754 743 1953 795 quatuor
1980 748 2122 780 naves

483 796 744 854 combustae,
801 799 988 864 reliquae
1031 814 1268 864 reparatae.
1358 803 1487 851 Tum
1540 805 1733 860 AEneas,
1789 806 1947 854 relicta
1995 800 2123 871 apud

482 872 683 922 Acesten
724 876 950 924 comitum
988 890 1138 941 parte,
1194 877 1276 941 qui
1318 878 1557 944 AEgestam
1595 881 1672 929 seu
1716 880 1950 947 Segestam
1993 882 2123 932 inco-

485 945 601 1005 lant,
640 966 745 998 cum
775 952 963 1000 meliore
991 966 1151 1015 parte
1156 969 1288 1000 naves
1318 954 1454 1002 solvit
1477 955 1623 1003 versus
1644 955 1824 1016 Italiam
1849 972 1894 1005 et
1917 959 2003 1006 hac
2027 957 2123 1023 ipsa

486 1021 636 1069 aestate
660 1023 883 1071 liberina
918 1027 1029 1073 ostia
1066 1025 1342 1074 subvectus
1329 1044 1379 1074 m
1401 1045 1560 1093 agrum
1597 1030 1868 1078 Laurentem
1903 1033 2122 1081 «ostendit.

487 1096 574 1143 Sed
611 1099 667 1145 de
699 1099 767 1145 his
803 1100 895 1147 alio
933 1102 1038 1148 loco
1075 1101 1350 1151 videbimus.
1415 1103 1494 1151 Ad
1517 1104 1637 1152 hunc
1671 1121 1820 1153 autem
1853 1123 2019 1155 annum
2042 1105 2124 1154 sub

487 1172 647 1219 aestatis
687 1175 860 1222 exitum
900 1177 995 1222 haec
1028 1177 1110 1223 effe
1148 1176 1395 1234 referenda,
1428 1195 1483 1226 ex
1508 1178 1579 1226 his
1613 1190 1766 1241 patet:
1823 1179 1966 1239 Ludis
2002 1181 2123 1245 apud

487 1245 683 1309 Erycem
717 1250 859 1295 altero
884 1249 941 1295 ab
962 1249 1211 1297 escenfione
1235 1249 1312 1297 die
1359 1251 1444 1311 (V,
1479 1254 1565 1314 42)
1609 1252 1793 1300 indictis
1814 1253 1996 1304 inferias
2037 1253 2124 1314 (V.

486 1323 755 1383 42—103)
797 1322 960 1385 dieque
984 1340 1104 1370 nono
1127 1324 1258 1371 ludos
1282 1325 1454 1372 faciunt
1491 1332 1607 1387 (104
1639 1325 1790 1390 sqq.):
1837 1328 1924 1375 hoc
1962 1327 2125 1376 eodeni

485 1393 563 1440 die
587 1395 722 1441 claffis
741 1407 951 1443 cremata.
1020 1397 1100 1443 Ad
1121 1413 1220 1444 eam
1243 1398 1528 1445 reficiendam
1551 1411 1596 1446 et
1615 1416 1778 1446 novam
1802 1402 1955 1450 urbem
1979 1400 2127 1466 defig-¹

485 1470 682 1517 nandam
706 1487 869 1519 novem
891 1472 941 1519 di
927 1489 988 1520 es
1006 1473 1104 1520 dati
1125 1490 1166 1521 v.
1210 1476 1321 1539 762.
1357 1474 1574 1545 Proximo
1593 1475 1669 1523 die
1689 1476 1927 1525 discedunt
1950 1497 1994 1526 v.
2032 1481 2124 1546 763

484 1543 587 1608 sqq.
1624 1592 1631 1598 ,

557 1619 676 1684 Qae
722 1625 907 1684 poetam
952 1620 1257 1685 impellerent,
1302 1633 1352 1668 ut
1393 1618 1444 1669 in
1484 1622 1630 1687 plures
1672 1639 1812 1671 annos
1857 1623 2126 1692 dispesceret

487 1691 646 1740 AEneae
679 1711 866 1750 errores,
900 1695 981 1759 qui
1016 1695 1261 1742 secundum
1301 1695 1497 1743 historiae
1534 1697 1667 1743 fidem
1702 1698 1842 1744 altero'
1880 1700 1951 1745 vel
1993 1700 2126 1748 tertio
2187 1745 2190 1747 Α
2240 1690 2283 1751 2²}

487 1782 608 1815 anno
632 1769 825 1816 absoluti
849 1770 1053 1824 fuerunt,
1079 1786 1179 1817 meo
1215 1771 1520 1835 qualicunque
1553 1771 1735 1835 judicio
1771 1773 1982 1820 videntur
1999 1774 2128 1840 fuiffe

486 1842 632 1905 plura.
701 1843 903 1892 Primum
937 1845 1142 1909 quidem,
1177 1845 1300 1906 quod
1337 1847 1552 1908 majorem
1580 1845 1691 1892 facit
1715 1845 2060 1894 admirationem
2082 1859 2130 1895 et

488 1914 637 1978 ipsum
671 1916 778 1972 hoc,
819 1919 944 1982 quod
982 1935 1073 1965 non
1107 1935 1196 1965 uno
1235 1921 1430 1967 alterove
1452 1937 1571 1966 anno
1595 1920 1671 1969 sed
1692 1936 1770 1983 per
1792 1918 1987 1986 septem
1989 1938 2129 1971 annos

489 1991 731 2040 continuos
764 1994 894 2042 heros
933 1994 1095 2041 AEneas
1131 1995 1237 2042 fatis
1282 1995 1471 2042 adversis
1518 1995 1607 2042 fuit
1643 1996 1860 2058 jafflatu55
1897 1999 2134 2048 aemulatus.

488 2080 628 2128 porro
660 2068 720 2114 est
753 2075 893 2131 poeta
911 2085 1081 2116 errores
1114 2067 1311 2130 Ulyffis;
1346 2082 1389 2115 et
1415 2081 1590 2131 poterat
1612 2070 1801 2138 omnino
1822 2064 2035 2134 majOrem
2057 2089 2130 2120 re-

486 2154 590 2187 rum
613 2141 884 2208 casuumque
917 2143 1175 2190 varietatem
1200 2142 1317 2189 intra
1341 2144 1427 2189 tale
1450 2154 1619 2206 tempus
1654 2161 1896 2208 congerere
1917 2158 1961 2193 et
1983 2145 2130 2194 ἰιιοΙιι·ι

491 2219 599 2264 dere
616 2238 629 2275 3
663 2220 805 2267 multa
826 2234 984 2267 contra
1001 2237 1055 2266 ex
1073 2218 1257 2266 historia
1279 2225 1355 2266 τῶν
1380 2222 1533 2275 Nos-m,
1560 2219 1616 2266 de
1638 2220 1807 2268 cafibuss
1825 2221 2128 2278 Achivorum,

492 2295 656 2341 seriore
690 2295 1013 2342 nonnullorum
1053 2295 1101 2342 in
1134 2295 1326 2359 patriam
1361 2294 1526 2350 reditu,
1560 2294 1734 2342 infelici
1773 2297 2130 2360 Agamemnonis⁴

493 2370 613 2425 fato'
650 2369 815 2431 Pyrrhi
854 2371 976 2417 caede
1017 2382 1062 2417 α
1087 2371 1254 2417 Heleni
1289 2386 1427 2433 ‘egm
1457 2369 1695 2435 Epimtico
1742 2361 2132 2436 (111›295sqq.).'
2170 2400 2174 2404 ·
2246 2338 2282 2439 ”’,

493 2446 554 2491 de
575 2440 772 2491 coloniis'
792 2444 1075 2491 Achivorum
1091 2444 1138 2490 in
1157 2443 1298 2490 Italiae
1314 2445 1487 2500 littore,
1522 2460 1770 2491 memorare
1791 2460 1881 2492 non
1902 2446 2130 2509 potuisset,'

494 2520 579 2568 nisi
601 2519 756 2566 AEneae
776 2535 943 2566 errores
957 2519 1004 2566 in
1020 2519 1193 2582 aliquot
1210 2535 1349 2565 annos
1371 2519 1635 2583 dispertitus
1652 2512 1768 2567 esset.
1814 2517 2026 2568 Tandem
2041 2520 2130 2572 hoc

501 2595 605 2658 ipso
643 2594 827 2640 invento
848 2611 927 2641 cav
932 2593 970 2641 it
995 2599 1149 2657 poeta,
1187 2610 1241 2640 ne
1271 2611 1363 2640 rem
1387 2611 1543 2657 parum
1562 2593 1840 2678 probabilem
1864 2611 2041 2654 narrare
2059 2593 2145 2672 vis

495 2670 698 2725 deretur,
721 2668 801 2732 qui
817 2668 982 2717 factum
1005 2669 1126 2724 esset,
1159 2685 1250 2731 quo
1273 2670 1420 2716 minus
1440 2669 1486 2714 T
1490 2669 1635 2732 rojani
1655 2669 1705 2715 in
1725 2670 1927 2719 Achivos
1941 2667 2139 2747 (1(ιιιιιιιιιι

495 2747 681 2795 reduces
699 2744 970 2799 inciderent,
989 2743 1068 2808 qui
1089 2757 1240 2791 tamen
1257 2757 1302 2791 et
1324 2744 1405 2809 ipfi
1430 2761 1455 2790 a
1464 2742 1623 2807 Troja
1641 2745 1858 2792 solventes
1882 2737 2132 2793 Thraciam
2148 2781 2151 2783 »

495 2822 736 2894 petierant,
759 2834 853 2878 aut,
875 2837 929 2868 ne
946 2821 1042 2884 Uly
1047 2821 1112 2868 ffis
1134 2821 1323 2868 navibus
1354 2832 1658 2876 occurrerent,
1682 2837 1782 2885 quae
1802 2834 1951 2868 tamen
1972 2820 2134 2871 eodem·

494 2897 634 2954 mari,
665 2896 829 2945 iisdem
849 2896 1095 2953 erroribus,
1118 2897 1177 2943 ad
1198 2897 1355 2943 eadem
1378 2895 1470 2944 fere
1492 2890 1647 2983 littora
1668 2894 1942 2986 ferebantur.
2110 2889 2133 2914 '¹

980 3046 1482 3097 EXCURSUS
1548 3046 1638 3102 111.

561 3144 657 3203 ΙΙΙ,
688 3162 768 3211 49.
822 3145 898 3193 De
930 3145 1128 3229 Polydoro
1159 3143 1360 3192 narratio
1396 3145 1490 3191 haec
1525 3144 1740 3209 Tragicis
1773 3145 1890 3194 forte
1926 3142 2138 3195 debetur·
2164 3193 2166 3196 ,

498 3222 641 3274 Certe
661 3221 804 3276 variis
817 3221 967 3270 modis
982 3219 1074 3274 ab
1061 3221 1120 3272 iis
1141 3219 1230 3267 fuit
1250 3229 1427 3275 ornata,
1462 3231 1511 3266 ut
1531 3221 1603 3266 vel
1625 3235 1682 3266 ex
1706 3219 1862 3266 Servio
1874 3216 1939 3266 ad
1958 3217 2069 3272 Ῑι..ὲ1
2076 3204 2138 3265 ἐξ

498 3295 697 3363 Hygino
726 3295 822 3352 fab.
853 3314 942 3360 109
973 3293 1280 3359 intelligitur:
1333 3309 1524 3356 namque
1545 3294 1603 3340 ad
1625 3293 1804 3341 Ilionen
1825 3293 2021 3351 sororem
2036 3277 2146 3346 Po&

496 3373 757 3435 lymnestori
771 3382 959 3437 nuptam
978 3371 1154 3420 miffum
1177 3387 1281 3419 eum
1304 3368 1589 3418 educandum
1611 3370 1680 3418 illi
1701 3381 1915 3425 narrant3
1947 3381 2095 3432 porro:
2099 3362 2149 3420 a}

497 3462 605 3509 tege
624 3446 785 3510 ignaro
795 3446 950 3495 filium
973 3461 1031 3493 ex
1049 3445 1198 3494 Ilione
1218 3443 1470 3508 susceptum
1499 3443 1626 3493 fuiffe
1648 3455 1856 3492 necatum
1877 3457 1960 3507 pro
1991 3433 2142 3502 'Poly-⁵

496 3519 635 3574 doto.
696 3521 930 3621 Home-rus
941 3519 1108 3594 utique
1127 3520 1278 3591 ali-tet,
1308 3519 1427 3591 apud
1445 3535 1581 3634 quem
1604 3516 1857 3585 Polydorus
1870 3518 1929 3566 ab
1950 3510 2150 3640 Aegina,

1695 3628 1698 3630 v
1818 3611 1820 3615 ⁷
1903 3605 2008 3665 occi
2058 3599 2132 3640 tut
