<?xml version="1.0" encoding="UTF-8"?>
<!DOCTYPE html PUBLIC "-//W3C//DTD XHTML 1.0 Transitional//EN"
    "http://www.w3.org/TR/xhtml1/DTD/xhtml1-transitional.dtd">
<html xmlns="http://www.w3.org/1999/xhtml" xml:lang="en" lang="en">
 <head>
  <title>
</title>
<meta http-equiv="Content-Type" content="text/html;charset=utf-8" />
  <meta name='ocr-system' content='tesseract 3.04.00' />
  <meta name='ocr-capabilities' content='ocr_page ocr_carea ocr_par ocr_line ocrx_word'/>
</head>
<body>
  <div class='ocr_page' id='page_1' title='image "./operavarietatele02virguoft_0147.png"; bbox 0 0 2372 4030; ppageno 0'>
   <div class='ocr_carea' id='block_1_1' title="bbox 553 275 1551 359">
    <p class='ocr_par' dir='ltr' id='par_1_1' title="bbox 553 275 1551 359">
     <span class='ocr_line' id='line_1_1' title="bbox 553 275 1551 359; baseline 0.016 -17"><span class='ocrx_word' id='word_1_1' title='bbox 553 275 1074 359; x_wconf 85' lang='lat' dir='ltr'>AENEIDOS‚</span> <span class='ocrx_word' id='word_1_2' title='bbox 1134 283 1331 356; x_wconf 83' lang='lat' dir='ltr'>LIB.</span> <span class='ocrx_word' id='word_1_3' title='bbox 1390 290 1446 355; x_wconf 86' lang='grc' dir='ltr'>Ι.</span> <span class='ocrx_word' id='word_1_4' title='bbox 1494 300 1551 356; x_wconf 83' lang='grc'>.“</span> 
     </span>
    </p>
   </div>
   <div class='ocr_carea' id='block_1_2' title="bbox 1740 317 1851 388">
    <p class='ocr_par' dir='ltr' id='par_1_2' title="bbox 1740 317 1851 388">
     <span class='ocr_line' id='line_1_2' title="bbox 1740 317 1851 388; baseline -0.009 -20"><span class='ocrx_word' id='word_1_5' title='bbox 1740 317 1822 388; x_wconf 73' lang='grc' dir='ltr'>5Ϊ</span> <span class='ocrx_word' id='word_1_6' title='bbox 1848 364 1851 367; x_wconf 91' lang='grc'>.</span> 
     </span>
    </p>
   </div>
   <div class='ocr_carea' id='block_1_3' title="bbox 197 445 1588 538">
    <p class='ocr_par' dir='ltr' id='par_1_3' title="bbox 197 445 1588 538">
     <span class='ocr_line' id='line_1_3' title="bbox 197 445 1588 538; baseline 0.01 -28"><span class='ocrx_word' id='word_1_7' title='bbox 197 445 491 511; x_wconf 85' lang='lat' dir='ltr'>Nascetur</span> <span class='ocrx_word' id='word_1_8' title='bbox 510 451 763 529; x_wconf 83' lang='lat' dir='ltr'>pulchra</span> <span class='ocrx_word' id='word_1_9' title='bbox 790 451 1082 535; x_wconf 85' lang='lat' dir='ltr'>Trojanus</span> <span class='ocrx_word' id='word_1_10' title='bbox 1109 457 1340 538; x_wconf 78' lang='lat' dir='ltr'>origiue</span> <span class='ocrx_word' id='word_1_11' title='bbox 1370 460 1588 537; x_wconf 87' lang='lat' dir='ltr'>Caesar,</span> 
     </span>
    </p>
   </div>
   <div class='ocr_carea' id='block_1_4' title="bbox 186 564 1749 760">
    <p class='ocr_par' dir='ltr' id='par_1_4' title="bbox 186 564 1749 760">
     <span class='ocr_line' id='line_1_4' title="bbox 186 564 1749 654; baseline 0.013 -31"><span class='ocrx_word' id='word_1_12' title='bbox 186 564 525 654; x_wconf 86' lang='lat' dir='ltr'>Imperium</span> <span class='ocrx_word' id='word_1_13' title='bbox 550 566 813 641; x_wconf 84' lang='lat' dir='ltr'>Oceano,</span> <span class='ocrx_word' id='word_1_14' title='bbox 858 569 1081 632; x_wconf 87' lang='lat' dir='ltr'>famam</span> <span class='ocrx_word' id='word_1_15' title='bbox 1107 574 1213 652; x_wconf 92' lang='lat' dir='ltr'>qui</span> <span class='ocrx_word' id='word_1_16' title='bbox 1240 577 1518 638; x_wconf 83' lang='lat' dir='ltr'>terminet</span> <span class='ocrx_word' id='word_1_17' title='bbox 1545 581 1709 642; x_wconf 80' lang='lat' dir='ltr'>astris</span> <span class='ocrx_word' id='word_1_18' title='bbox 1726 610 1749 654; x_wconf 64' lang='grc' dir='ltr'>ς</span> 
     </span>
     <span class='ocr_line' id='line_1_5' title="bbox 188 675 1514 760; baseline 0.01 -23"><span class='ocrx_word' id='word_1_19' title='bbox 188 675 418 756; x_wconf 88' lang='lat' dir='ltr'>Julius,.</span> <span class='ocrx_word' id='word_1_20' title='bbox 442 699 475 737; x_wconf 90' lang='lat' dir='ltr'>a</span> <span class='ocrx_word' id='word_1_21' title='bbox 501 698 726 760; x_wconf 86' lang='lat' dir='ltr'>magno</span> <span class='ocrx_word' id='word_1_22' title='bbox 751 681 1070 743; x_wconf 85' lang='lat' dir='ltr'>demiffum</span> <span class='ocrx_word' id='word_1_23' title='bbox 1098 706 1320 746; x_wconf 90' lang='lat' dir='ltr'>nomen</span> <span class='ocrx_word' id='word_1_24' title='bbox 1347 688 1514 751; x_wconf 88' lang='lat' dir='ltr'>Iulo:</span> 
     </span>
    </p>
   </div>
   <div class='ocr_carea' id='block_1_5' title="bbox 193 792 1696 880">
    <p class='ocr_par' dir='ltr' id='par_1_5' title="bbox 193 792 1696 880">
     <span class='ocr_line' id='line_1_6' title="bbox 193 792 1696 880; baseline 0.01 -29"><span class='ocrx_word' id='word_1_25' title='bbox 193 792 378 852; x_wconf 90' lang='lat' dir='ltr'>Hunc</span> <span class='ocrx_word' id='word_1_26' title='bbox 407 808 472 853; x_wconf 92' lang='lat' dir='ltr'>tu</span> <span class='ocrx_word' id='word_1_27' title='bbox 500 794 650 864; x_wconf 90' lang='lat' dir='ltr'>olim</span> <span class='ocrx_word' id='word_1_28' title='bbox 677 796 858 869; x_wconf 81' lang='lat' dir='ltr'>coele,</span> <span class='ocrx_word' id='word_1_29' title='bbox 900 796 1105 876; x_wconf 89' lang='lat' dir='ltr'>spoliis</span> <span class='ocrx_word' id='word_1_30' title='bbox 1132 801 1374 860; x_wconf 87' lang='lat' dir='ltr'>orientis</span> <span class='ocrx_word' id='word_1_31' title='bbox 1400 805 1696 880; x_wconf 83' lang='lat' dir='ltr'>onustum,</span> 
     </span>
    </p>
   </div>
   <div class='ocr_carea' id='block_1_6' title="bbox 183 906 1832 1004">
    <p class='ocr_par' dir='ltr' id='par_1_6' title="bbox 183 906 1832 1004">
     <span class='ocr_line' id='line_1_7' title="bbox 183 906 1832 1004; baseline 0.009 -37"><span class='ocrx_word' id='word_1_32' title='bbox 183 906 475 987; x_wconf 84' lang='lat' dir='ltr'>Adcipies</span> <span class='ocrx_word' id='word_1_33' title='bbox 503 907 737 968; x_wconf 86' lang='lat' dir='ltr'>secura:</span> <span class='ocrx_word' id='word_1_34' title='bbox 779 909 1091 970; x_wconf 85' lang='lat' dir='ltr'>vocabitur</span> <span class='ocrx_word' id='word_1_35' title='bbox 1118 912 1217 972; x_wconf 90' lang='lat' dir='ltr'>hic</span> <span class='ocrx_word' id='word_1_36' title='bbox 1238 934 1478 994; x_wconf 90' lang='lat' dir='ltr'>quoque</span> <span class='ocrx_word' id='word_1_37' title='bbox 1506 919 1680 981; x_wconf 84' lang='lat' dir='ltr'>votis.</span> <span class='ocrx_word' id='word_1_38' title='bbox 1714 939 1832 1004; x_wconf 78' lang='lat'>290</span> 
     </span>
    </p>
   </div>
   <div class='ocr_carea' id='block_1_7' title="bbox 184 1065 1835 1198">
    <p class='ocr_par' dir='ltr' id='par_1_7' title="bbox 184 1065 1835 1198">
     <span class='ocr_line' id='line_1_8' title="bbox 240 1065 1835 1128; baseline 0.011 -23"><span class='ocrx_word' id='word_1_39' title='bbox 240 1065 332 1117; x_wconf 79' lang='lat'>287.</span> <span class='ocrx_word' id='word_1_40' title='bbox 362 1067 569 1121; x_wconf 71' lang='lat' dir='ltr'>Etfizmapn</span> <span class='ocrx_word' id='word_1_41' title='bbox 587 1066 664 1108; x_wconf 88' lang='lat' dir='ltr'>see.</span> <span class='ocrx_word' id='word_1_42' title='bbox 694 1067 839 1108; x_wconf 86' lang='lat' dir='ltr'>Hamb.</span> <span class='ocrx_word' id='word_1_43' title='bbox 885 1071 999 1121; x_wconf 73' lang='lat' dir='ltr'>sama</span> <span class='ocrx_word' id='word_1_44' title='bbox 1016 1068 1146 1109; x_wconf 85' lang='lat' dir='ltr'>deleta</span> <span class='ocrx_word' id='word_1_45' title='bbox 1178 1070 1238 1112; x_wconf 89' lang='lat' dir='ltr'>lit.</span> <span class='ocrx_word' id='word_1_46' title='bbox 1266 1089 1301 1111; x_wconf 89' lang='lat' dir='ltr'>m</span> <span class='ocrx_word' id='word_1_47' title='bbox 1329 1075 1498 1128; x_wconf 85' lang='lat' dir='ltr'>Regius.</span> <span class='ocrx_word' id='word_1_48' title='bbox 1554 1081 1718 1120; x_wconf 75' lang='lat' dir='ltr'>terminat</span> <span class='ocrx_word' id='word_1_49' title='bbox 1742 1083 1835 1123; x_wconf 90' lang='lat' dir='ltr'>Ou-</span> 
     </span>
     <span class='ocr_line' id='line_1_9' title="bbox 184 1131 1834 1198; baseline 0.005 -26"><span class='ocrx_word' id='word_1_50' title='bbox 184 1131 289 1173; x_wconf 83' lang='lat' dir='ltr'>dart.</span> <span class='ocrx_word' id='word_1_51' title='bbox 309 1140 350 1172; x_wconf 83' lang='lat' dir='ltr'>et</span> <span class='ocrx_word' id='word_1_52' title='bbox 369 1131 448 1172; x_wconf 91' lang='lat' dir='ltr'>duo</span> <span class='ocrx_word' id='word_1_53' title='bbox 467 1132 584 1172; x_wconf 89' lang='lat' dir='ltr'>Leid.</span> <span class='ocrx_word' id='word_1_54' title='bbox 606 1145 631 1172; x_wconf 83' lang='lat' dir='ltr'>a</span> <span class='ocrx_word' id='word_1_55' title='bbox 649 1144 705 1172; x_wconf 91' lang='lat' dir='ltr'>m.</span> <span class='ocrx_word' id='word_1_56' title='bbox 720 1134 992 1186; x_wconf 47' lang='lat' dir='ltr'>Iup—288.</span> <span class='ocrx_word' id='word_1_57' title='bbox 1009 1135 1175 1190; x_wconf 61' lang='lat' dir='ltr'>dimg‘ffizm</span> <span class='ocrx_word' id='word_1_58' title='bbox 1191 1137 1372 1190; x_wconf 83' lang='lat' dir='ltr'><strong>plerique</strong></span> <span class='ocrx_word' id='word_1_59' title='bbox 1391 1139 1747 1198; x_wconf 68' lang='lat' dir='ltr'>vitiose—289.</span> <span class='ocrx_word' id='word_1_60' title='bbox 1762 1145 1834 1187; x_wconf 81' lang='lat' dir='ltr'>alii</span> 
     </span>
    </p>
   </div>
   <div class='ocr_carea' id='block_1_8' title="bbox 183 1195 1721 1254">
    <p class='ocr_par' dir='ltr' id='par_1_8' title="bbox 183 1195 1721 1254">
     <span class='ocr_line' id='line_1_10' title="bbox 183 1195 1721 1254; baseline 0.008 -19"><span class='ocrx_word' id='word_1_61' title='bbox 183 1195 284 1246; x_wconf 54' lang='lat' dir='ltr'>olim</span> <span class='ocrx_word' id='word_1_62' title='bbox 301 1197 479 1254; x_wconf 64' lang='lat' dir='ltr'>honfstm,</span> <span class='ocrx_word' id='word_1_63' title='bbox 506 1197 582 1236; x_wconf 88' lang='lat' dir='ltr'>sec.</span> <span class='ocrx_word' id='word_1_64' title='bbox 613 1198 724 1236; x_wconf 75' lang='lat' dir='ltr'>SerV.</span> <span class='ocrx_word' id='word_1_65' title='bbox 760 1205 903 1237; x_wconf 89' lang='lat' dir='ltr'>natum</span> <span class='ocrx_word' id='word_1_66' title='bbox 934 1197 1080 1237; x_wconf 88' lang='lat' dir='ltr'>scilicet</span> <span class='ocrx_word' id='word_1_67' title='bbox 1114 1212 1162 1238; x_wconf 86' lang='lat' dir='ltr'>ex</span> <span class='ocrx_word' id='word_1_68' title='bbox 1191 1201 1376 1254; x_wconf 41' lang='lat' dir='ltr'>hom-stum,</span> <span class='ocrx_word' id='word_1_69' title='bbox 1403 1211 1448 1241; x_wconf 91' lang='lat' dir='ltr'>ut</span> <span class='ocrx_word' id='word_1_70' title='bbox 1467 1203 1721 1247; x_wconf 83' lang='lat' dir='ltr'><strong>scribebatur.</strong></span> 
     </span>
    </p>
   </div>
   <div class='ocr_carea' id='block_1_9' title="bbox 1723 1229 1830 1239">
    <p class='ocr_par' dir='ltr' id='par_1_9' title="bbox 1723 1229 1830 1239">
     <span class='ocr_line' id='line_1_11' title="bbox 1723 1229 1830 1239; baseline 0 0"><span class='ocrx_word' id='word_1_71' title='bbox 1723 1229 1830 1239; x_wconf 95' lang='lat' dir='ltr'> </span> 
     </span>
    </p>
   </div>
   <div class='ocr_carea' id='block_1_10' title="bbox 186 1260 1832 1325">
    <p class='ocr_par' dir='ltr' id='par_1_10' title="bbox 186 1260 1832 1325">
     <span class='ocr_line' id='line_1_12' title="bbox 186 1260 1832 1325; baseline 0.007 -23"><span class='ocrx_word' id='word_1_72' title='bbox 186 1271 281 1315; x_wconf 86' lang='lat'>290.</span> <span class='ocrx_word' id='word_1_73' title='bbox 311 1260 488 1315; x_wconf 58' lang='lat' dir='ltr'>Adspicies</span> <span class='ocrx_word' id='word_1_74' title='bbox 508 1260 679 1301; x_wconf 82' lang='lat' dir='ltr'>Fabricii</span> <span class='ocrx_word' id='word_1_75' title='bbox 711 1262 802 1304; x_wconf 88' lang='lat' dir='ltr'>MS.</span> <span class='ocrx_word' id='word_1_76' title='bbox 837 1275 930 1302; x_wconf 91' lang='lat' dir='ltr'>cum</span> <span class='ocrx_word' id='word_1_77' title='bbox 963 1261 1091 1303; x_wconf 87' lang='lat' dir='ltr'>Goth.</span> <span class='ocrx_word' id='word_1_78' title='bbox 1121 1272 1216 1304; x_wconf 86' lang='lat' dir='ltr'>tert.</span> <span class='ocrx_word' id='word_1_79' title='bbox 1251 1274 1293 1305; x_wconf 88' lang='lat' dir='ltr'>et</span> <span class='ocrx_word' id='word_1_80' title='bbox 1326 1276 1500 1319; x_wconf 87' lang='lat' dir='ltr'>quatuor</span> <span class='ocrx_word' id='word_1_81' title='bbox 1520 1282 1583 1324; x_wconf 81' lang='lat' dir='ltr'>ap.</span> <span class='ocrx_word' id='word_1_82' title='bbox 1602 1272 1741 1312; x_wconf 83' lang='lat' dir='ltr'>Burm.</span> <span class='ocrx_word' id='word_1_83' title='bbox 1761 1273 1832 1325; x_wconf 85' lang='lat' dir='ltr'>qui</span> 
     </span>
    </p>
   </div>
   <div class='ocr_carea' id='block_1_11' title="bbox 179 1456 966 1974">
    <p class='ocr_par' dir='ltr' id='par_1_11' title="bbox 181 1456 965 1587">
     <span class='ocr_line' id='line_1_13' title="bbox 181 1456 965 1513; baseline 0.003 -9"><span class='ocrx_word' id='word_1_84' title='bbox 181 1472 418 1505; x_wconf 87' lang='lat' dir='ltr'>manorum</span> <span class='ocrx_word' id='word_1_85' title='bbox 462 1456 582 1505; x_wconf 87' lang='lat' dir='ltr'>bella</span> <span class='ocrx_word' id='word_1_86' title='bbox 618 1473 724 1505; x_wconf 88' lang='lat' dir='ltr'>cum</span> <span class='ocrx_word' id='word_1_87' title='bbox 766 1457 965 1513; x_wconf 90' lang='lat' dir='ltr'>Graecis,</span> 
     </span>
     <span class='ocr_line' id='line_1_14' title="bbox 182 1522 965 1587; baseline 0.004 -19"><span class='ocrx_word' id='word_1_88' title='bbox 182 1533 228 1568; x_wconf 83' lang='lat' dir='ltr'>et</span> <span class='ocrx_word' id='word_1_89' title='bbox 297 1522 524 1570; x_wconf 86' lang='lat' dir='ltr'>Achaiam</span> <span class='ocrx_word' id='word_1_90' title='bbox 577 1522 627 1568; x_wconf 90' lang='lat' dir='ltr'>in</span> <span class='ocrx_word' id='word_1_91' title='bbox 682 1523 965 1587; x_wconf 89' lang='lat' dir='ltr'>provinciam</span> 
     </span>
    </p>

    <p class='ocr_par' dir='ltr' id='par_1_12' title="bbox 179 1586 966 1974">
     <span class='ocr_line' id='line_1_15' title="bbox 179 1586 962 1707; baseline 0.003 -10"><span class='ocrx_word' id='word_1_92' title='bbox 179 1586 455 1707; x_wconf 52' lang='lat' dir='ltr'>fssp‘filiniiss&#39;</span> <span class='ocrx_word' id='word_1_93' title='bbox 478 1587 722 1700; x_wconf 56' lang='lat'>3553312’</span> <span class='ocrx_word' id='word_1_94' title='bbox 744 1587 962 1700; x_wconf 51' lang='lat' dir='ltr'>‘¹533ss</span> 
     </span>
     <span class='ocr_line' id='line_1_16' title="bbox 181 1713 961 1782; baseline 0.001 -20"><span class='ocrx_word' id='word_1_95' title='bbox 181 1713 476 1782; x_wconf 86' lang='lat' dir='ltr'>Epigramma</span> <span class='ocrx_word' id='word_1_96' title='bbox 498 1716 696 1763; x_wconf 84' lang='lat' dir='ltr'>Adriani</span> <span class='ocrx_word' id='word_1_97' title='bbox 730 1717 846 1781; x_wconf 89' lang='lat' dir='ltr'>Imp.</span> <span class='ocrx_word' id='word_1_98' title='bbox 885 1717 961 1764; x_wconf 89' lang='lat' dir='ltr'>seu</span> 
     </span>
     <span class='ocr_line' id='line_1_17' title="bbox 179 1779 966 1837; baseline 0.004 -11"><span class='ocrx_word' id='word_1_99' title='bbox 179 1781 327 1828; x_wconf 80' lang='lat' dir='ltr'>verius</span> <span class='ocrx_word' id='word_1_100' title='bbox 346 1779 632 1837; x_wconf 86' lang='lat' dir='ltr'>Germanici,</span> <span class='ocrx_word' id='word_1_101' title='bbox 656 1780 704 1828; x_wconf 91' lang='lat' dir='ltr'>in</span> <span class='ocrx_word' id='word_1_102' title='bbox 723 1781 863 1829; x_wconf 91' lang='lat' dir='ltr'>Ilium</span> <span class='ocrx_word' id='word_1_103' title='bbox 884 1798 966 1828; x_wconf 88' lang='lat' dir='ltr'>no-</span> 
     </span>
     <span class='ocr_line' id='line_1_18' title="bbox 181 1845 964 1912; baseline 0.006 -22"><span class='ocrx_word' id='word_1_104' title='bbox 181 1861 291 1893; x_wconf 75' lang='lat' dir='ltr'>vum</span> <span class='ocrx_word' id='word_1_105' title='bbox 309 1845 503 1893; x_wconf 90' lang='lat' dir='ltr'>Anthol.</span> <span class='ocrx_word' id='word_1_106' title='bbox 526 1847 615 1893; x_wconf 86' lang='lat' dir='ltr'>Gr.</span> <span class='ocrx_word' id='word_1_107' title='bbox 638 1845 720 1894; x_wconf 89' lang='lat' dir='ltr'>lib.</span> <span class='ocrx_word' id='word_1_108' title='bbox 744 1847 786 1903; x_wconf 87' lang='lat'>1,</span> <span class='ocrx_word' id='word_1_109' title='bbox 818 1863 863 1910; x_wconf 90' lang='lat' dir='ltr'>p.</span> <span class='ocrx_word' id='word_1_110' title='bbox 901 1850 964 1912; x_wconf 89' lang='lat'>98</span> 
     </span>
     <span class='ocr_line' id='line_1_19' title="bbox 181 1909 966 1974; baseline 0.005 -19"><span class='ocrx_word' id='word_1_111' title='bbox 181 1909 336 1974; x_wconf 87' lang='lat' dir='ltr'>Steph.</span> <span class='ocrx_word' id='word_1_112' title='bbox 357 1922 404 1958; x_wconf 85' lang='lat' dir='ltr'>et</span> <span class='ocrx_word' id='word_1_113' title='bbox 438 1909 592 1965; x_wconf 88' lang='lat' dir='ltr'>latine,</span> <span class='ocrx_word' id='word_1_114' title='bbox 626 1909 702 1957; x_wconf 86' lang='lat' dir='ltr'>sed</span> <span class='ocrx_word' id='word_1_115' title='bbox 724 1910 872 1958; x_wconf 85' lang='lat' dir='ltr'>minus</span> <span class='ocrx_word' id='word_1_116' title='bbox 891 1928 966 1959; x_wconf 89' lang='lat' dir='ltr'>ve-</span> 
     </span>
    </p>
   </div>
   <div class='ocr_carea' id='block_1_12' title="bbox 180 1974 964 2103">
    <p class='ocr_par' dir='ltr' id='par_1_13' title="bbox 180 1974 964 2103">
     <span class='ocr_line' id='line_1_20' title="bbox 180 1974 963 2040; baseline 0.006 -20"><span class='ocrx_word' id='word_1_117' title='bbox 180 1975 322 2030; x_wconf 86' lang='lat' dir='ltr'>nuste,</span> <span class='ocrx_word' id='word_1_118' title='bbox 356 1975 547 2023; x_wconf 86' lang='lat' dir='ltr'>Anthol.</span> <span class='ocrx_word' id='word_1_119' title='bbox 571 1975 673 2022; x_wconf 86' lang='lat' dir='ltr'>Lat.</span> <span class='ocrx_word' id='word_1_120' title='bbox 699 1974 783 2023; x_wconf 92' lang='lat' dir='ltr'>lib.</span> <span class='ocrx_word' id='word_1_121' title='bbox 817 1975 860 2030; x_wconf 89' lang='grc' dir='ltr'>Ι,</span> <span class='ocrx_word' id='word_1_122' title='bbox 892 1981 963 2040; x_wconf 86' lang='lat' dir='ltr'>ep.</span> 
     </span>
     <span class='ocr_line' id='line_1_21' title="bbox 184 2039 964 2103; baseline 0.004 -19"><span class='ocrx_word' id='word_1_123' title='bbox 184 2054 293 2101; x_wconf 87' lang='lat'>103.</span> <span class='ocrx_word' id='word_1_124' title='bbox 355 2039 536 2102; x_wconf 68' lang='lat' dir='ltr'>listris,</span> <span class='ocrx_word' id='word_1_125' title='bbox 587 2040 763 2087; x_wconf 65' lang='lat' dir='ltr'>doctius</span> <span class='ocrx_word' id='word_1_126' title='bbox 808 2057 964 2103; x_wconf 90' lang='lat' dir='ltr'>quam,</span> 
     </span>
    </p>
   </div>
   <div class='ocr_carea' id='block_1_13' title="bbox 1689 1338 1831 1389">
    <p class='ocr_par' dir='ltr' id='par_1_14' title="bbox 1689 1338 1831 1389">
     <span class='ocr_line' id='line_1_22' title="bbox 1689 1338 1831 1389; baseline 0.014 -16"><span class='ocrx_word' id='word_1_127' title='bbox 1689 1338 1831 1389; x_wconf 57' lang='lat' dir='ltr'>accipies</span> 
     </span>
    </p>
   </div>
   <div class='ocr_carea' id='block_1_14' title="bbox 1046 1458 1831 2050">
    <p class='ocr_par' dir='ltr' id='par_1_15' title="bbox 1046 1458 1831 2050">
     <span class='ocr_line' id='line_1_23' title="bbox 1046 1458 1831 1521; baseline 0.01 -15"><span class='ocrx_word' id='word_1_128' title='bbox 1046 1459 1106 1506; x_wconf 87' lang='lat' dir='ltr'>ad</span> <span class='ocrx_word' id='word_1_129' title='bbox 1138 1458 1311 1521; x_wconf 90' lang='lat' dir='ltr'>Julium</span> <span class='ocrx_word' id='word_1_130' title='bbox 1344 1460 1564 1510; x_wconf 87' lang='lat' dir='ltr'>Caesarem</span> <span class='ocrx_word' id='word_1_131' title='bbox 1593 1479 1696 1512; x_wconf 91' lang='lat' dir='ltr'>cum</span> <span class='ocrx_word' id='word_1_132' title='bbox 1732 1465 1831 1514; x_wconf 80' lang='lat' dir='ltr'>Ser-</span> 
     </span>
     <span class='ocr_line' id='line_1_24' title="bbox 1047 1524 1828 1591; baseline 0.012 -21"><span class='ocrx_word' id='word_1_133' title='bbox 1047 1524 1146 1582; x_wconf 88' lang='lat' dir='ltr'>vio,</span> <span class='ocrx_word' id='word_1_134' title='bbox 1182 1525 1336 1573; x_wconf 85' lang='lat' dir='ltr'>Cerda</span> <span class='ocrx_word' id='word_1_135' title='bbox 1370 1539 1415 1573; x_wconf 90' lang='lat' dir='ltr'>et</span> <span class='ocrx_word' id='word_1_136' title='bbox 1435 1527 1534 1575; x_wconf 83' lang='lat' dir='ltr'>aliis</span> <span class='ocrx_word' id='word_1_137' title='bbox 1556 1544 1628 1591; x_wconf 91' lang='lat' dir='ltr'>ap.</span> <span class='ocrx_word' id='word_1_138' title='bbox 1673 1530 1828 1580; x_wconf 87' lang='lat' dir='ltr'>Burm.</span> 
     </span>
     <span class='ocr_line' id='line_1_25' title="bbox 1051 1588 1831 1658; baseline 0.009 -22"><span class='ocrx_word' id='word_1_139' title='bbox 1051 1588 1176 1637; x_wconf 89' lang='lat' dir='ltr'>Nam</span> <span class='ocrx_word' id='word_1_140' title='bbox 1217 1607 1297 1638; x_wconf 90' lang='lat' dir='ltr'>nec</span> <span class='ocrx_word' id='word_1_141' title='bbox 1340 1603 1555 1639; x_wconf 87' lang='lat' dir='ltr'>terrarum</span> <span class='ocrx_word' id='word_1_142' title='bbox 1591 1593 1831 1658; x_wconf 87' lang='lat' dir='ltr'>imperium</span> 
     </span>
     <span class='ocr_line' id='line_1_26' title="bbox 1049 1654 1830 1719; baseline 0.009 -19"><span class='ocrx_word' id='word_1_143' title='bbox 1049 1670 1093 1700; x_wconf 87' lang='lat' dir='ltr'>v.</span> <span class='ocrx_word' id='word_1_144' title='bbox 1119 1657 1209 1718; x_wconf 89' lang='lat'>287</span> <span class='ocrx_word' id='word_1_145' title='bbox 1235 1654 1370 1702; x_wconf 88' lang='lat' dir='ltr'>facile</span> <span class='ocrx_word' id='word_1_146' title='bbox 1391 1656 1560 1703; x_wconf 85' lang='lat' dir='ltr'>Caesari</span> <span class='ocrx_word' id='word_1_147' title='bbox 1593 1659 1830 1719; x_wconf 84' lang='lat' dir='ltr'>tribuitur,</span> 
     </span>
     <span class='ocr_line' id='line_1_27' title="bbox 1046 1720 1828 1784; baseline 0.01 -20"><span class='ocrx_word' id='word_1_148' title='bbox 1046 1734 1189 1782; x_wconf 86' lang='lat' dir='ltr'>neque</span> <span class='ocrx_word' id='word_1_149' title='bbox 1218 1724 1255 1766; x_wconf 84' lang='lat' dir='ltr'>is</span> <span class='ocrx_word' id='word_1_150' title='bbox 1274 1720 1418 1783; x_wconf 82' lang='lat' dir='ltr'>spoliis</span> <span class='ocrx_word' id='word_1_151' title='bbox 1454 1722 1636 1770; x_wconf 84' lang='lat' dir='ltr'>Orientis</span> <span class='ocrx_word' id='word_1_152' title='bbox 1655 1729 1828 1784; x_wconf 74' lang='lat' dir='ltr'>mustus,</span> 
     </span>
     <span class='ocr_line' id='line_1_28' title="bbox 1048 1784 1825 1848; baseline 0.012 -20"><span class='ocrx_word' id='word_1_153' title='bbox 1048 1798 1190 1846; x_wconf 85' lang='lat' dir='ltr'>neque</span> <span class='ocrx_word' id='word_1_154' title='bbox 1226 1784 1283 1830; x_wconf 83' lang='lat' dir='ltr'>ab</span> <span class='ocrx_word' id='word_1_155' title='bbox 1321 1801 1375 1832; x_wconf 91' lang='lat' dir='ltr'>eo</span> <span class='ocrx_word' id='word_1_156' title='bbox 1413 1801 1501 1848; x_wconf 87' lang='lat' dir='ltr'>pax</span> <span class='ocrx_word' id='word_1_157' title='bbox 1537 1786 1739 1834; x_wconf 84' lang='lat' dir='ltr'>restituta</span> <span class='ocrx_word' id='word_1_158' title='bbox 1776 1807 1825 1838; x_wconf 82' lang='lat' dir='ltr'>v.</span> 
     </span>
     <span class='ocr_line' id='line_1_29' title="bbox 1050 1849 1829 1914; baseline 0.009 -21"><span class='ocrx_word' id='word_1_159' title='bbox 1050 1862 1161 1910; x_wconf 84' lang='lat'>290.</span> <span class='ocrx_word' id='word_1_160' title='bbox 1229 1849 1404 1895; x_wconf 87' lang='lat' dir='ltr'>Contra</span> <span class='ocrx_word' id='word_1_161' title='bbox 1424 1850 1482 1896; x_wconf 90' lang='lat' dir='ltr'>de</span> <span class='ocrx_word' id='word_1_162' title='bbox 1514 1852 1717 1914; x_wconf 85' lang='lat' dir='ltr'>Augusto</span> <span class='ocrx_word' id='word_1_163' title='bbox 1750 1852 1829 1900; x_wconf 81' lang='lat' dir='ltr'>illa</span> 
     </span>
     <span class='ocr_line' id='line_1_30' title="bbox 1048 1912 1829 1978; baseline 0.012 -21"><span class='ocrx_word' id='word_1_164' title='bbox 1048 1912 1216 1975; x_wconf 88' lang='lat' dir='ltr'>ubique</span> <span class='ocrx_word' id='word_1_165' title='bbox 1257 1912 1410 1962; x_wconf 88' lang='lat' dir='ltr'>obvia.</span> <span class='ocrx_word' id='word_1_166' title='bbox 1453 1931 1497 1963; x_wconf 86' lang='lat' dir='ltr'>v.</span> <span class='ocrx_word' id='word_1_167' title='bbox 1541 1916 1664 1978; x_wconf 90' lang='lat' dir='ltr'>inpr.</span> <span class='ocrx_word' id='word_1_168' title='bbox 1717 1916 1829 1966; x_wconf 89' lang='lat' dir='ltr'>AEn.</span> 
     </span>
     <span class='ocr_line' id='line_1_31' title="bbox 1049 1974 1829 2050; baseline 0.012 -29"><span class='ocrx_word' id='word_1_169' title='bbox 1049 1974 1141 2032; x_wconf 87' lang='lat' dir='ltr'>VI,</span> <span class='ocrx_word' id='word_1_170' title='bbox 1177 1993 1236 2042; x_wconf 82' lang='lat'>79</span> <span class='ocrx_word' id='word_1_171' title='bbox 1243 1994 1266 2038; x_wconf 84' lang='lat'>3</span> <span class='ocrx_word' id='word_1_172' title='bbox 1287 1977 1350 2050; x_wconf 54' lang='lat' dir='ltr'>sq.</span> <span class='ocrx_word' id='word_1_173' title='bbox 1418 1977 1478 2025; x_wconf 89' lang='lat' dir='ltr'>Et</span> <span class='ocrx_word' id='word_1_174' title='bbox 1494 1987 1529 2026; x_wconf 84' lang='lat' dir='ltr'>is</span> <span class='ocrx_word' id='word_1_175' title='bbox 1552 1981 1719 2042; x_wconf 63' lang='lat' dir='ltr'>Caesar,</span> <span class='ocrx_word' id='word_1_176' title='bbox 1739 1981 1829 2042; x_wconf 79' lang='lat' dir='ltr'>Ju-</span> 
     </span>
    </p>
   </div>
   <div class='ocr_carea' id='block_1_15' title="bbox 1048 2040 1827 2106">
    <p class='ocr_par' dir='ltr' id='par_1_16' title="bbox 1048 2040 1827 2106">
     <span class='ocr_line' id='line_1_32' title="bbox 1048 2040 1827 2106; baseline 0.009 -19"><span class='ocrx_word' id='word_1_177' title='bbox 1048 2040 1128 2088; x_wconf 79' lang='lat' dir='ltr'>lius</span> <span class='ocrx_word' id='word_1_178' title='bbox 1150 2042 1407 2104; x_wconf 72' lang='lat' dir='ltr'>adoptionis</span> <span class='ocrx_word' id='word_1_179' title='bbox 1422 2043 1542 2106; x_wconf 85' lang='lat' dir='ltr'>jure,</span> <span class='ocrx_word' id='word_1_180' title='bbox 1576 2044 1683 2091; x_wconf 89' lang='lat' dir='ltr'>hine</span> <span class='ocrx_word' id='word_1_181' title='bbox 1722 2045 1827 2097; x_wconf 78' lang='lat' dir='ltr'>Tro-</span> 
     </span>
    </p>
   </div>
   <div class='ocr_carea' id='block_1_16' title="bbox 95 2103 1827 2178">
    <p class='ocr_par' dir='ltr' id='par_1_17' title="bbox 95 2103 1827 2178">
     <span class='ocr_line' id='line_1_33' title="bbox 95 2103 1827 2178; baseline 0.004 -29"><span class='ocrx_word' id='word_1_182' title='bbox 95 2145 101 2149; x_wconf 83' lang='lat'>.</span> <span class='ocrx_word' id='word_1_183' title='bbox 178 2103 324 2152; x_wconf 83' lang='lat' dir='ltr'>annis.</span> <span class='ocrx_word' id='word_1_184' title='bbox 389 2107 526 2152; x_wconf 82' lang='lat' dir='ltr'>domus</span> <span class='ocrx_word' id='word_1_185' title='bbox 553 2106 771 2178; x_wconf 43' lang='lat' dir='ltr'>Astraei,</span> <span class='ocrx_word' id='word_1_186' title='bbox 792 2103 965 2152; x_wconf 82' lang='lat' dir='ltr'>Roma·</span> <span class='ocrx_word' id='word_1_187' title='bbox 1032 2108 1188 2169; x_wconf 80' lang='lat' dir='ltr'>janus,</span> <span class='ocrx_word' id='word_1_188' title='bbox 1222 2106 1278 2151; x_wconf 88' lang='lat' dir='ltr'>ab</span> <span class='ocrx_word' id='word_1_189' title='bbox 1301 2106 1499 2155; x_wconf 85' lang='lat' dir='ltr'>Ascanio</span> <span class='ocrx_word' id='word_1_190' title='bbox 1522 2110 1726 2172; x_wconf 88' lang='lat' dir='ltr'>Trojano</span> <span class='ocrx_word' id='word_1_191' title='bbox 1742 2127 1827 2175; x_wconf 87' lang='lat' dir='ltr'>ge-</span> 
     </span>
    </p>
   </div>
   <div class='ocr_carea' id='block_1_17' title="bbox 176 2166 968 2622">
    <p class='ocr_par' dir='ltr' id='par_1_18' title="bbox 176 2166 968 2622">
     <span class='ocr_line' id='line_1_34' title="bbox 177 2166 968 2232; baseline 0.004 -17"><span class='ocrx_word' id='word_1_192' title='bbox 177 2166 229 2215; x_wconf 88' lang='lat' dir='ltr'>ni</span> <span class='ocrx_word' id='word_1_193' title='bbox 273 2185 300 2215; x_wconf 88' lang='lat' dir='ltr'>a</span> <span class='ocrx_word' id='word_1_194' title='bbox 342 2167 391 2213; x_wconf 92' lang='lat' dir='ltr'>T</span> <span class='ocrx_word' id='word_1_195' title='bbox 393 2169 558 2232; x_wconf 86' lang='lat' dir='ltr'>rojanis</span> <span class='ocrx_word' id='word_1_196' title='bbox 597 2169 807 2225; x_wconf 75' lang='lat' dir='ltr'>oriundi,</span> <span class='ocrx_word' id='word_1_197' title='bbox 849 2170 968 2218; x_wconf 91' lang='lat' dir='ltr'>inter</span> 
     </span>
     <span class='ocr_line' id='line_1_35' title="bbox 176 2233 966 2297; baseline 0.004 -18"><span class='ocrx_word' id='word_1_198' title='bbox 176 2249 292 2297; x_wconf 89' lang='lat' dir='ltr'>quos</span> <span class='ocrx_word' id='word_1_199' title='bbox 347 2234 597 2291; x_wconf 81' lang='lat' dir='ltr'>Affaracus,</span> <span class='ocrx_word' id='word_1_200' title='bbox 654 2233 794 2281; x_wconf 86' lang='lat' dir='ltr'>Trois</span> <span class='ocrx_word' id='word_1_201' title='bbox 830 2233 966 2292; x_wconf 90' lang='lat' dir='ltr'>filius,</span> 
     </span>
     <span class='ocr_line' id='line_1_36' title="bbox 177 2297 964 2362; baseline 0.005 -17"><span class='ocrx_word' id='word_1_202' title='bbox 177 2312 235 2345; x_wconf 85' lang='lat' dir='ltr'>ex</span> <span class='ocrx_word' id='word_1_203' title='bbox 278 2297 432 2346; x_wconf 86' lang='lat' dir='ltr'>AEneae</span> <span class='ocrx_word' id='word_1_204' title='bbox 489 2298 580 2360; x_wconf 83' lang='lat' dir='ltr'>fuit</span> <span class='ocrx_word' id='word_1_205' title='bbox 621 2297 886 2362; x_wconf 80' lang='lat' dir='ltr'>majoribus,</span> <span class='ocrx_word' id='word_1_206' title='bbox 922 2315 964 2349; x_wconf 90' lang='lat' dir='ltr'>v.</span> 
     </span>
     <span class='ocr_line' id='line_1_37' title="bbox 179 2361 965 2427; baseline 0.006 -19"><span class='ocrx_word' id='word_1_207' title='bbox 179 2361 403 2427; x_wconf 90' lang='lat' dir='ltr'>Apollod.</span> <span class='ocrx_word' id='word_1_208' title='bbox 444 2362 537 2420; x_wconf 90' lang='lat' dir='ltr'>III,</span> <span class='ocrx_word' id='word_1_209' title='bbox 576 2379 652 2418; x_wconf 83' lang='lat'>12,</span> <span class='ocrx_word' id='word_1_210' title='bbox 689 2381 716 2412; x_wconf 88' lang='lat'><strong>2</strong></span> <span class='ocrx_word' id='word_1_211' title='bbox 760 2373 806 2410; x_wconf 90' lang='lat' dir='ltr'>et</span> <span class='ocrx_word' id='word_1_212' title='bbox 845 2363 965 2413; x_wconf 90' lang='lat' dir='ltr'>Not.</span> 
     </span>
     <span class='ocr_line' id='line_1_38' title="bbox 179 2425 964 2492; baseline 0.003 -19"><span class='ocrx_word' id='word_1_213' title='bbox 179 2425 361 2476; x_wconf 87' lang='lat' dir='ltr'>Conon.</span> <span class='ocrx_word' id='word_1_214' title='bbox 399 2445 442 2476; x_wconf 87' lang='lat' dir='ltr'>c.</span> <span class='ocrx_word' id='word_1_215' title='bbox 487 2445 563 2476; x_wconf 90' lang='lat'>12.</span> <span class='ocrx_word' id='word_1_216' title='bbox 631 2428 816 2476; x_wconf 86' lang='lat' dir='ltr'>Graeeia</span> <span class='ocrx_word' id='word_1_217' title='bbox 849 2445 964 2492; x_wconf 88' lang='lat' dir='ltr'>prae-</span> 
     </span>
     <span class='ocr_line' id='line_1_39' title="bbox 176 2491 965 2558; baseline 0.003 -19"><span class='ocrx_word' id='word_1_218' title='bbox 176 2491 297 2541; x_wconf 82' lang='lat' dir='ltr'>clare</span> <span class='ocrx_word' id='word_1_219' title='bbox 366 2509 445 2557; x_wconf 88' lang='lat' dir='ltr'>per</span> <span class='ocrx_word' id='word_1_220' title='bbox 515 2491 741 2549; x_wconf 80' lang='lat' dir='ltr'>Phthiam,</span> <span class='ocrx_word' id='word_1_221' title='bbox 806 2504 965 2558; x_wconf 88' lang='lat' dir='ltr'>utpote</span> 
     </span>
     <span class='ocr_line' id='line_1_40' title="bbox 179 2555 966 2622; baseline 0.003 -19"><span class='ocrx_word' id='word_1_222' title='bbox 179 2555 382 2605; x_wconf 87' lang='lat' dir='ltr'>Achillis</span> <span class='ocrx_word' id='word_1_223' title='bbox 416 2557 634 2621; x_wconf 86' lang='lat' dir='ltr'>patriam,</span> <span class='ocrx_word' id='word_1_224' title='bbox 667 2567 714 2604; x_wconf 91' lang='lat' dir='ltr'>et</span> <span class='ocrx_word' id='word_1_225' title='bbox 746 2557 966 2622; x_wconf 76' lang='lat' dir='ltr'>Mycenas,</span> 
     </span>
    </p>
   </div>
   <div class='ocr_carea' id='block_1_18' title="bbox 87 2619 968 2686">
    <p class='ocr_par' dir='ltr' id='par_1_19' title="bbox 87 2619 968 2686">
     <span class='ocr_line' id='line_1_41' title="bbox 87 2619 968 2686; baseline 0.005 -21"><span class='ocrx_word' id='word_1_226' title='bbox 87 2660 92 2665; x_wconf 85' lang='grc'><em>,</em></span> <span class='ocrx_word' id='word_1_227' title='bbox 163 2619 507 2685; x_wconf 86' lang='lat' dir='ltr'>-Agamemoms</span> <span class='ocrx_word' id='word_1_228' title='bbox 560 2621 752 2686; x_wconf 87' lang='lat' dir='ltr'>regiam,</span> <span class='ocrx_word' id='word_1_229' title='bbox 817 2622 968 2670; x_wconf 88' lang='lat' dir='ltr'>decla-</span> 
     </span>
    </p>
   </div>
   <div class='ocr_carea' id='block_1_19' title="bbox 167 2688 968 3526">
    <p class='ocr_par' dir='ltr' id='par_1_20' title="bbox 167 2688 968 3526">
     <span class='ocr_line' id='line_1_42' title="bbox 176 2688 968 2752; baseline 0.003 -19"><span class='ocrx_word' id='word_1_230' title='bbox 176 2696 274 2733; x_wconf 82' lang='lat' dir='ltr'>rata</span> <span class='ocrx_word' id='word_1_231' title='bbox 287 2705 302 2742; x_wconf 79' lang='lat'><em>3</em></span> <span class='ocrx_word' id='word_1_232' title='bbox 335 2702 418 2734; x_wconf 90' lang='lat' dir='ltr'>nec</span> <span class='ocrx_word' id='word_1_233' title='bbox 439 2702 530 2733; x_wconf 92' lang='lat' dir='ltr'>non</span> <span class='ocrx_word' id='word_1_234' title='bbox 551 2701 631 2750; x_wconf 89' lang='lat' dir='ltr'>per</span> <span class='ocrx_word' id='word_1_235' title='bbox 666 2688 819 2752; x_wconf 86' lang='lat' dir='ltr'>Argos,</span> <span class='ocrx_word' id='word_1_236' title='bbox 856 2703 968 2750; x_wconf 91' lang='lat' dir='ltr'>quos</span> 
     </span>
     <span class='ocr_line' id='line_1_43' title="bbox 175 2749 961 2812; baseline 0.005 -16"><span class='ocrx_word' id='word_1_237' title='bbox 175 2761 277 2797; x_wconf 87' lang='lat' dir='ltr'>tum</span> <span class='ocrx_word' id='word_1_238' title='bbox 297 2750 542 2799; x_wconf 86' lang='lat' dir='ltr'>Diomedes</span> <span class='ocrx_word' id='word_1_239' title='bbox 566 2750 744 2798; x_wconf 91' lang='lat' dir='ltr'>tenebat</span> <span class='ocrx_word' id='word_1_240' title='bbox 756 2771 770 2807; x_wconf 86' lang='lat'>3</span> <span class='ocrx_word' id='word_1_241' title='bbox 807 2749 961 2812; x_wconf 87' lang='lat' dir='ltr'>(Iliad.</span> 
     </span>
     <span class='ocr_line' id='line_1_44' title="bbox 176 2814 964 2880; baseline -0.001 -17"><span class='ocrx_word' id='word_1_242' title='bbox 176 2817 228 2871; x_wconf 82' lang='grc' dir='ltr'>β,</span> <span class='ocrx_word' id='word_1_243' title='bbox 263 2830 356 2880; x_wconf 78' lang='grc'>559</span> <span class='ocrx_word' id='word_1_244' title='bbox 400 2816 488 2879; x_wconf 86' lang='lat' dir='ltr'>sq.)</span> <span class='ocrx_word' id='word_1_245' title='bbox 533 2827 660 2865; x_wconf 82' lang='lat' dir='ltr'>erant</span> <span class='ocrx_word' id='word_1_246' title='bbox 700 2827 851 2863; x_wconf 89' lang='lat' dir='ltr'>tamen</span> <span class='ocrx_word' id='word_1_247' title='bbox 893 2814 964 2863; x_wconf 89' lang='lat' dir='ltr'>illi</span> 
     </span>
     <span class='ocr_line' id='line_1_45' title="bbox 176 2878 963 2943; baseline 0 -16"><span class='ocrx_word' id='word_1_248' title='bbox 176 2891 314 2927; x_wconf 82' lang='lat' dir='ltr'>tantae</span> <span class='ocrx_word' id='word_1_249' title='bbox 345 2891 442 2927; x_wconf 91' lang='lat' dir='ltr'>tum</span> <span class='ocrx_word' id='word_1_250' title='bbox 468 2878 729 2943; x_wconf 83' lang='lat' dir='ltr'>dignitatis,</span> <span class='ocrx_word' id='word_1_251' title='bbox 763 2891 815 2927; x_wconf 89' lang='lat' dir='ltr'>ut</span> <span class='ocrx_word' id='word_1_252' title='bbox 843 2882 963 2943; x_wconf 85' lang='lat' dir='ltr'>apud</span> 
     </span>
     <span class='ocr_line' id='line_1_46' title="bbox 178 2942 964 3008; baseline 0.001 -18"><span class='ocrx_word' id='word_1_253' title='bbox 178 2942 438 2994; x_wconf 80' lang='lat' dir='ltr'>Homerum</span> <span class='ocrx_word' id='word_1_254' title='bbox 504 2955 598 2992; x_wconf 89' lang='lat' dir='ltr'>tota</span> <span class='ocrx_word' id='word_1_255' title='bbox 652 2942 833 2992; x_wconf 88' lang='lat' dir='ltr'>Graecia</span> <span class='ocrx_word' id='word_1_256' title='bbox 886 2961 964 3008; x_wconf 90' lang='lat' dir='ltr'>per</span> 
     </span>
     <span class='ocr_line' id='line_1_47' title="bbox 174 3008 962 3075; baseline 0.001 -20"><span class='ocrx_word' id='word_1_257' title='bbox 174 3008 329 3074; x_wconf 87' lang='lat' dir='ltr'>Argos,</span> <span class='ocrx_word' id='word_1_258' title='bbox 359 3019 405 3055; x_wconf 89' lang='lat' dir='ltr'>et</span> <span class='ocrx_word' id='word_1_259' title='bbox 425 3019 544 3057; x_wconf 89' lang='lat' dir='ltr'>totus</span> <span class='ocrx_word' id='word_1_260' title='bbox 571 3009 792 3056; x_wconf 83' lang='lat' dir='ltr'>exercitus</span> <span class='ocrx_word' id='word_1_261' title='bbox 826 3011 962 3075; x_wconf 82' lang='lat' dir='ltr'>Argi-</span> 
     </span>
     <span class='ocr_line' id='line_1_48' title="bbox 174 3071 959 3139; baseline 0.003 -20"><span class='ocrx_word' id='word_1_262' title='bbox 174 3091 330 3121; x_wconf 83' lang='lat' dir='ltr'>vorum</span> <span class='ocrx_word' id='word_1_263' title='bbox 349 3072 531 3120; x_wconf 87' lang='lat' dir='ltr'>nomine</span> <span class='ocrx_word' id='word_1_264' title='bbox 547 3071 851 3139; x_wconf 74' lang='lat' dir='ltr'>infigniretu&#39;r.</span> <span class='ocrx_word' id='word_1_265' title='bbox 871 3072 959 3123; x_wconf 89' lang='lat' dir='ltr'>inf.</span> 
     </span>
     <span class='ocr_line' id='line_1_49' title="bbox 174 3135 962 3202; baseline 0.004 -19"><span class='ocrx_word' id='word_1_266' title='bbox 174 3135 270 3194; x_wconf 90' lang='lat' dir='ltr'>VI,</span> <span class='ocrx_word' id='word_1_267' title='bbox 351 3143 444 3202; x_wconf 85' lang='lat'>839</span> <span class='ocrx_word' id='word_1_268' title='bbox 515 3138 647 3185; x_wconf 86' lang='lat' dir='ltr'>Eruet</span> <span class='ocrx_word' id='word_1_269' title='bbox 729 3138 801 3186; x_wconf 81' lang='lat' dir='ltr'>ille</span> <span class='ocrx_word' id='word_1_270' title='bbox 872 3140 962 3186; x_wconf 90' lang='lat' dir='ltr'>Ar-</span> 
     </span>
     <span class='ocr_line' id='line_1_50' title="bbox 203 3203 960 3268; baseline 0 -17"><span class='ocrx_word' id='word_1_271' title='bbox 203 3222 264 3260; x_wconf 85' lang='lat' dir='ltr'>os,</span> <span class='ocrx_word' id='word_1_272' title='bbox 296 3203 343 3250; x_wconf 91' lang='lat' dir='ltr'><em>A</em></span> <span class='ocrx_word' id='word_1_273' title='bbox 370 3205 723 3268; x_wconf 79' lang='lat' dir='ltr'>amemnoniasque</span> <span class='ocrx_word' id='word_1_274' title='bbox 742 3203 960 3267; x_wconf 50' lang='lat' dir='ltr'>Iffycenas.</span> 
     </span>
     <span class='ocr_line' id='line_1_51' title="bbox 167 3222 957 3321; baseline 0.001 -8"><span class='ocrx_word' id='word_1_275' title='bbox 167 3222 446 3315; x_wconf 53' lang='grc' dir='ltr'>ἐτεινίίίἐιῐηε,</span> <span class='ocrx_word' id='word_1_276' title='bbox 497 3266 718 3321; x_wconf 85' lang='lat' dir='ltr'>vocabula</span> <span class='ocrx_word' id='word_1_277' title='bbox 760 3279 806 3314; x_wconf 91' lang='lat' dir='ltr'>et</span> <span class='ocrx_word' id='word_1_278' title='bbox 849 3266 957 3315; x_wconf 80' lang='lat' dir='ltr'>ista:</span> 
     </span>
     <span class='ocr_line' id='line_1_52' title="bbox 170 3330 885 3395; baseline -0.001 -16"><span class='ocrx_word' id='word_1_279' title='bbox 170 3330 355 3379; x_wconf 69' lang='lat' dir='ltr'>Ser-vitio</span> <span class='ocrx_word' id='word_1_280' title='bbox 367 3330 885 3395; x_wconf 70' lang='lat' dir='ltr'>premet—dominabitur.</span> 
     </span>
     <span class='ocr_line' id='line_1_53' title="bbox 239 3394 962 3460; baseline 0 -16"><span class='ocrx_word' id='word_1_281' title='bbox 239 3396 335 3446; x_wconf 85' lang='lat'>286</span> <span class='ocrx_word' id='word_1_282' title='bbox 388 3394 511 3460; x_wconf 85' lang='lat' dir='ltr'>seqq.</span> <span class='ocrx_word' id='word_1_283' title='bbox 570 3396 647 3443; x_wconf 85' lang='lat' dir='ltr'>Ad</span> <span class='ocrx_word' id='word_1_284' title='bbox 702 3394 962 3460; x_wconf 83' lang='lat' dir='ltr'>Augustum</span> 
     </span>
     <span class='ocr_line' id='line_1_54' title="bbox 173 3457 965 3526; baseline -0.003 -15"><span class='ocrx_word' id='word_1_285' title='bbox 173 3459 340 3526; x_wconf 72' lang='lat' dir='ltr'>referas</span> <span class='ocrx_word' id='word_1_286' title='bbox 357 3458 481 3508; x_wconf 85' lang='lat' dir='ltr'>haud</span> <span class='ocrx_word' id='word_1_287' title='bbox 499 3457 640 3510; x_wconf 88' lang='lat' dir='ltr'>dubie</span> <span class='ocrx_word' id='word_1_288' title='bbox 655 3458 804 3510; x_wconf 86' lang='lat' dir='ltr'>verius</span> <span class='ocrx_word' id='word_1_289' title='bbox 821 3463 965 3525; x_wconf 45' lang='lat' dir='ltr'>quam,¹</span> 
     </span>
    </p>
   </div>
   <div class='ocr_carea' id='block_1_20' title="bbox 1037 2170 1830 3605">
    <p class='ocr_par' dir='ltr' id='par_1_21' title="bbox 1037 2170 1830 3523">
     <span class='ocr_line' id='line_1_55' title="bbox 1045 2170 1830 2237; baseline 0.01 -22"><span class='ocrx_word' id='word_1_290' title='bbox 1045 2186 1127 2216; x_wconf 91' lang='lat' dir='ltr'>nus</span> <span class='ocrx_word' id='word_1_291' title='bbox 1190 2170 1382 2229; x_wconf 86' lang='lat' dir='ltr'>ducens;</span> <span class='ocrx_word' id='word_1_292' title='bbox 1453 2171 1605 2237; x_wconf 86' lang='lat' dir='ltr'>itaque</span> <span class='ocrx_word' id='word_1_293' title='bbox 1659 2174 1830 2236; x_wconf 82' lang='lat' dir='ltr'>Julius,</span> 
     </span>
     <span class='ocr_line' id='line_1_56' title="bbox 1043 2238 1829 2299; baseline 0.008 -18"><span class='ocrx_word' id='word_1_294' title='bbox 1043 2254 1184 2282; x_wconf 83' lang='lat' dir='ltr'>nomen</span> <span class='ocrx_word' id='word_1_295' title='bbox 1216 2238 1420 2299; x_wconf 71' lang='lat' dir='ltr'>demffcm</span> <span class='ocrx_word' id='word_1_296' title='bbox 1454 2257 1485 2283; x_wconf 87' lang='lat' dir='ltr'>a</span> <span class='ocrx_word' id='word_1_297' title='bbox 1506 2259 1566 2285; x_wconf 76' lang='lat' dir='ltr'>m.</span> <span class='ocrx_word' id='word_1_298' title='bbox 1600 2239 1661 2292; x_wconf 83' lang='lat' dir='ltr'>I..</span> <span class='ocrx_word' id='word_1_299' title='bbox 1698 2238 1744 2285; x_wconf 87' lang='lat' dir='ltr'>h.</span> <span class='ocrx_word' id='word_1_300' title='bbox 1786 2257 1829 2289; x_wconf 84' lang='lat' dir='ltr'>e.</span> 
     </span>
     <span class='ocr_line' id='line_1_57' title="bbox 1043 2298 1828 2364; baseline 0.006 -19"><span class='ocrx_word' id='word_1_301' title='bbox 1043 2298 1248 2347; x_wconf 88' lang='lat' dir='ltr'>nascetur</span> <span class='ocrx_word' id='word_1_302' title='bbox 1310 2300 1476 2357; x_wconf 71' lang='lat' dir='ltr'>Caesar,</span> <span class='ocrx_word' id='word_1_303' title='bbox 1539 2303 1689 2364; x_wconf 87' lang='lat' dir='ltr'>Julius</span> <span class='ocrx_word' id='word_1_304' title='bbox 1745 2320 1828 2350; x_wconf 86' lang='lat' dir='ltr'>no-</span> 
     </span>
     <span class='ocr_line' id='line_1_58' title="bbox 1044 2363 1829 2427; baseline 0.006 -17"><span class='ocrx_word' id='word_1_305' title='bbox 1044 2363 1184 2420; x_wconf 90' lang='lat' dir='ltr'>mine,</span> <span class='ocrx_word' id='word_1_306' title='bbox 1247 2365 1369 2427; x_wconf 91' lang='lat' dir='ltr'>quod</span> <span class='ocrx_word' id='word_1_307' title='bbox 1420 2382 1586 2413; x_wconf 87' lang='lat' dir='ltr'>nomen</span> <span class='ocrx_word' id='word_1_308' title='bbox 1626 2368 1681 2414; x_wconf 91' lang='lat' dir='ltr'>ab</span> <span class='ocrx_word' id='word_1_309' title='bbox 1722 2367 1829 2417; x_wconf 88' lang='lat' dir='ltr'>Iulo</span> 
     </span>
     <span class='ocr_line' id='line_1_59' title="bbox 1044 2426 1830 2498; baseline 0.009 -25"><span class='ocrx_word' id='word_1_310' title='bbox 1044 2426 1093 2474; x_wconf 90' lang='lat' dir='ltr'>in</span> <span class='ocrx_word' id='word_1_311' title='bbox 1123 2445 1225 2476; x_wconf 90' lang='lat' dir='ltr'>eum</span> <span class='ocrx_word' id='word_1_312' title='bbox 1260 2430 1402 2476; x_wconf 86' lang='lat' dir='ltr'>venit.</span> <span class='ocrx_word' id='word_1_313' title='bbox 1460 2431 1642 2493; x_wconf 81' lang='lat' dir='ltr'>pulchra</span> <span class='ocrx_word' id='word_1_314' title='bbox 1675 2440 1830 2498; x_wconf 81' lang='lat' dir='ltr'>origine</span> 
     </span>
     <span class='ocr_line' id='line_1_60' title="bbox 1044 2493 1829 2557; baseline 0.006 -18"><span class='ocrx_word' id='word_1_315' title='bbox 1044 2493 1189 2557; x_wconf 87' lang='lat' dir='ltr'>fimpl.</span> <span class='ocrx_word' id='word_1_316' title='bbox 1232 2494 1370 2542; x_wconf 88' lang='lat' dir='ltr'>clara.</span> <span class='ocrx_word' id='word_1_317' title='bbox 1439 2493 1552 2541; x_wconf 92' lang='lat' dir='ltr'>Non</span> <span class='ocrx_word' id='word_1_318' title='bbox 1587 2495 1644 2542; x_wconf 90' lang='lat' dir='ltr'>ad</span> <span class='ocrx_word' id='word_1_319' title='bbox 1681 2495 1829 2544; x_wconf 79' lang='lat' dir='ltr'>Vene-</span> 
     </span>
     <span class='ocr_line' id='line_1_61' title="bbox 1045 2558 1826 2624; baseline 0.006 -20"><span class='ocrx_word' id='word_1_320' title='bbox 1045 2573 1144 2605; x_wconf 88' lang='lat' dir='ltr'>rem</span> <span class='ocrx_word' id='word_1_321' title='bbox 1188 2558 1349 2622; x_wconf 84' lang='lat' dir='ltr'>respici</span> <span class='ocrx_word' id='word_1_322' title='bbox 1394 2559 1511 2623; x_wconf 85' lang='lat' dir='ltr'>poffe</span> <span class='ocrx_word' id='word_1_323' title='bbox 1552 2572 1681 2623; x_wconf 88' lang='lat' dir='ltr'>puto,</span> <span class='ocrx_word' id='word_1_324' title='bbox 1744 2577 1826 2624; x_wconf 88' lang='lat' dir='ltr'>per</span> 
     </span>
     <span class='ocr_line' id='line_1_62' title="bbox 1044 2621 1829 2689; baseline 0.008 -22"><span class='ocrx_word' id='word_1_325' title='bbox 1044 2621 1256 2670; x_wconf 88' lang='lat' dir='ltr'>sermonis</span> <span class='ocrx_word' id='word_1_326' title='bbox 1314 2622 1459 2671; x_wconf 90' lang='lat' dir='ltr'>usum.</span> <span class='ocrx_word' id='word_1_327' title='bbox 1539 2630 1646 2689; x_wconf 87' lang='lat'>289.</span> <span class='ocrx_word' id='word_1_328' title='bbox 1704 2626 1829 2673; x_wconf 85' lang='lat' dir='ltr'>Hunc</span> 
     </span>
     <span class='ocr_line' id='line_1_63' title="bbox 1045 2687 1828 2753; baseline 0.006 -21"><span class='ocrx_word' id='word_1_329' title='bbox 1045 2699 1092 2733; x_wconf 83' lang='lat' dir='ltr'>tu</span> <span class='ocrx_word' id='word_1_330' title='bbox 1124 2707 1159 2735; x_wconf 90' lang='lat' dir='ltr'>o.</span> <span class='ocrx_word' id='word_1_331' title='bbox 1195 2688 1289 2734; x_wconf 88' lang='lat' dir='ltr'>haec</span> <span class='ocrx_word' id='word_1_332' title='bbox 1324 2687 1404 2735; x_wconf 89' lang='lat' dir='ltr'>illa</span> <span class='ocrx_word' id='word_1_333' title='bbox 1436 2700 1648 2751; x_wconf 88' lang='lat' dir='ltr'>perpetua</span> <span class='ocrx_word' id='word_1_334' title='bbox 1669 2695 1828 2753; x_wconf 72' lang='lat' dir='ltr'>poeta-</span> 
     </span>
     <span class='ocr_line' id='line_1_64' title="bbox 1047 2751 1825 2818; baseline 0.006 -22"><span class='ocrx_word' id='word_1_335' title='bbox 1047 2765 1145 2798; x_wconf 87' lang='lat' dir='ltr'>rum</span> <span class='ocrx_word' id='word_1_336' title='bbox 1201 2751 1496 2816; x_wconf 81' lang='lat' dir='ltr'>inprimisque</span> <span class='ocrx_word' id='word_1_337' title='bbox 1535 2752 1727 2818; x_wconf 85' lang='lat' dir='ltr'>Virgilii</span> <span class='ocrx_word' id='word_1_338' title='bbox 1765 2754 1825 2801; x_wconf 89' lang='lat' dir='ltr'>de</span> 
     </span>
     <span class='ocr_line' id='line_1_65' title="bbox 1047 2814 1825 2879; baseline 0.006 -18"><span class='ocrx_word' id='word_1_339' title='bbox 1047 2815 1241 2879; x_wconf 90' lang='lat' dir='ltr'>Augusti</span> <span class='ocrx_word' id='word_1_340' title='bbox 1261 2814 1310 2863; x_wconf 91' lang='lat' dir='ltr'>in</span> <span class='ocrx_word' id='word_1_341' title='bbox 1327 2815 1514 2863; x_wconf 85' lang='lat' dir='ltr'>Parthos</span> <span class='ocrx_word' id='word_1_342' title='bbox 1534 2832 1588 2863; x_wconf 85' lang='lat' dir='ltr'>ex</span> <span class='ocrx_word' id='word_1_343' title='bbox 1621 2817 1825 2870; x_wconf 81' lang='lat' dir='ltr'>editione</span> 
     </span>
     <span class='ocr_line' id='line_1_66' title="bbox 1043 2879 1825 2944; baseline 0.006 -19"><span class='ocrx_word' id='word_1_344' title='bbox 1043 2879 1327 2930; x_wconf 86' lang='lat' dir='ltr'>vaticinatiO.</span> <span class='ocrx_word' id='word_1_345' title='bbox 1369 2898 1415 2930; x_wconf 89' lang='lat' dir='ltr'>V.</span> <span class='ocrx_word' id='word_1_346' title='bbox 1450 2879 1550 2928; x_wconf 88' lang='lat' dir='ltr'>Vit.</span> <span class='ocrx_word' id='word_1_347' title='bbox 1639 2882 1726 2944; x_wconf 88' lang='lat' dir='ltr'>irg.</span> <span class='ocrx_word' id='word_1_348' title='bbox 1755 2882 1825 2943; x_wconf 54' lang='lat' dir='ltr'>ad</span> 
     </span>
     <span class='ocr_line' id='line_1_67' title="bbox 1043 2946 1818 3010; baseline 0.006 -21"><span class='ocrx_word' id='word_1_349' title='bbox 1043 2960 1149 2992; x_wconf 89' lang='lat' dir='ltr'>ann.</span> <span class='ocrx_word' id='word_1_350' title='bbox 1196 2960 1306 3009; x_wconf 87' lang='lat'><strong>724.</strong></span> <span class='ocrx_word' id='word_1_351' title='bbox 1360 2962 1470 3010; x_wconf 78' lang='lat'><strong>7²5·</strong></span> <span class='ocrx_word' id='word_1_352' title='bbox 1506 2962 1613 3009; x_wconf 85' lang='lat'>734.</span> <span class='ocrx_word' id='word_1_353' title='bbox 1658 2946 1717 2993; x_wconf 88' lang='lat' dir='ltr'>cf.</span> <span class='ocrx_word' id='word_1_354' title='bbox 1758 2947 1818 2994; x_wconf 87' lang='lat' dir='ltr'>ad</span> 
     </span>
     <span class='ocr_line' id='line_1_68' title="bbox 1046 3004 1824 3074; baseline 0.006 -21"><span class='ocrx_word' id='word_1_355' title='bbox 1046 3004 1224 3071; x_wconf 86' lang='lat' dir='ltr'>Georg.</span> <span class='ocrx_word' id='word_1_356' title='bbox 1243 3009 1310 3064; x_wconf 90' lang='grc' dir='ltr'>ΙΙ,</span> <span class='ocrx_word' id='word_1_357' title='bbox 1340 3026 1443 3074; x_wconf 90' lang='lat'>170.</span> <span class='ocrx_word' id='word_1_358' title='bbox 1460 3025 1603 3072; x_wconf 82' lang='lat' dir='ltr'>neque</span> <span class='ocrx_word' id='word_1_359' title='bbox 1619 3009 1668 3056; x_wconf 89' lang='lat' dir='ltr'>in</span> <span class='ocrx_word' id='word_1_360' title='bbox 1683 3026 1824 3058; x_wconf 87' lang='lat' dir='ltr'>unum</span> 
     </span>
     <span class='ocr_line' id='line_1_69' title="bbox 1043 3075 1826 3148; baseline 0.006 -30"><span class='ocrx_word' id='word_1_361' title='bbox 1043 3086 1215 3119; x_wconf 89' lang='lat' dir='ltr'>certum</span> <span class='ocrx_word' id='word_1_362' title='bbox 1233 3090 1399 3120; x_wconf 86' lang='lat' dir='ltr'>annum</span> <span class='ocrx_word' id='word_1_363' title='bbox 1416 3089 1468 3119; x_wconf 90' lang='lat' dir='ltr'>ea</span> <span class='ocrx_word' id='word_1_364' title='bbox 1483 3089 1642 3148; x_wconf 77' lang='lat' dir='ltr'>cogere</span> <span class='ocrx_word' id='word_1_365' title='bbox 1658 3075 1826 3123; x_wconf 67' lang='lat' dir='ltr'>necesse</span> 
     </span>
     <span class='ocr_line' id='line_1_70' title="bbox 1041 3136 1823 3201; baseline 0.001 -18"><span class='ocrx_word' id='word_1_366' title='bbox 1041 3137 1100 3183; x_wconf 88' lang='lat' dir='ltr'>est</span> <span class='ocrx_word' id='word_1_367' title='bbox 1115 3157 1129 3193; x_wconf 92' lang='lat'>;</span> <span class='ocrx_word' id='word_1_368' title='bbox 1153 3136 1283 3200; x_wconf 89' lang='lat' dir='ltr'>quin,</span> <span class='ocrx_word' id='word_1_369' title='bbox 1298 3138 1411 3184; x_wconf 86' lang='lat' dir='ltr'>adeo</span> <span class='ocrx_word' id='word_1_370' title='bbox 1425 3150 1526 3183; x_wconf 86' lang='lat' dir='ltr'>ante</span> <span class='ocrx_word' id='word_1_371' title='bbox 1541 3141 1662 3201; x_wconf 78' lang='lat' dir='ltr'>hgna</span> <span class='ocrx_word' id='word_1_372' title='bbox 1676 3154 1702 3183; x_wconf 91' lang='lat' dir='ltr'>a</span> <span class='ocrx_word' id='word_1_373' title='bbox 1717 3137 1823 3184; x_wconf 81' lang='lat' dir='ltr'>Par-</span> 
     </span>
     <span class='ocr_line' id='line_1_71' title="bbox 1042 3200 1823 3264; baseline 0.004 -17"><span class='ocrx_word' id='word_1_374' title='bbox 1042 3200 1133 3249; x_wconf 85' lang='lat' dir='ltr'>this</span> <span class='ocrx_word' id='word_1_375' title='bbox 1162 3200 1369 3258; x_wconf 76' lang='lat' dir='ltr'>reddita,</span> <span class='ocrx_word' id='word_1_376' title='bbox 1403 3202 1607 3264; x_wconf 74' lang='lat' dir='ltr'>poeticus</span> <span class='ocrx_word' id='word_1_377' title='bbox 1643 3201 1823 3264; x_wconf 85' lang='lat' dir='ltr'>ingenii</span> 
     </span>
     <span class='ocr_line' id='line_1_72' title="bbox 1041 3265 1822 3314; baseline 0.003 -2"><span class='ocrx_word' id='word_1_378' title='bbox 1041 3265 1193 3312; x_wconf 89' lang='lat' dir='ltr'>fervor</span> <span class='ocrx_word' id='word_1_379' title='bbox 1240 3265 1333 3313; x_wconf 86' lang='lat' dir='ltr'>haec</span> <span class='ocrx_word' id='word_1_380' title='bbox 1388 3265 1453 3312; x_wconf 86' lang='lat' dir='ltr'>ita</span> <span class='ocrx_word' id='word_1_381' title='bbox 1504 3266 1619 3312; x_wconf 62' lang='lat' dir='ltr'>reste</span> <span class='ocrx_word' id='word_1_382' title='bbox 1664 3265 1822 3314; x_wconf 87' lang='lat' dir='ltr'>efferre</span> 
     </span>
     <span class='ocr_line' id='line_1_73' title="bbox 1038 3329 1827 3402; baseline 0 -26"><span class='ocrx_word' id='word_1_383' title='bbox 1038 3329 1227 3402; x_wconf 79' lang='lat' dir='ltr'>potuit.‘</span> <span class='ocrx_word' id='word_1_384' title='bbox 1279 3346 1386 3394; x_wconf 85' lang='lat'><strong>290·</strong></span> <span class='ocrx_word' id='word_1_385' title='bbox 1432 3332 1606 3390; x_wconf 87' lang='lat' dir='ltr'>secura,</span> <span class='ocrx_word' id='word_1_386' title='bbox 1639 3330 1827 3393; x_wconf 10' lang='lat' dir='ltr'>nemine,¹</span> 
     </span>
     <span class='ocr_line' id='line_1_74' title="bbox 1038 3391 1825 3459; baseline 0.004 -20"><span class='ocrx_word' id='word_1_387' title='bbox 1038 3394 1363 3451; x_wconf 78' lang='lat' dir='ltr'>intercedente,</span> <span class='ocrx_word' id='word_1_388' title='bbox 1408 3391 1587 3454; x_wconf 84' lang='lat' dir='ltr'>Junone</span> <span class='ocrx_word' id='word_1_389' title='bbox 1627 3395 1825 3459; x_wconf 73' lang='lat' dir='ltr'>placata.</span> 
     </span>
     <span class='ocr_line' id='line_1_75' title="bbox 1037 3457 1806 3523; baseline -0.003 -17"><span class='ocrx_word' id='word_1_390' title='bbox 1037 3457 1260 3517; x_wconf 77' lang='lat' dir='ltr'>vocabitur</span> <span class='ocrx_word' id='word_1_391' title='bbox 1287 3457 1334 3507; x_wconf 85' lang='lat' dir='ltr'>h.</span> <span class='ocrx_word' id='word_1_392' title='bbox 1369 3477 1414 3523; x_wconf 88' lang='lat' dir='ltr'>q.</span> <span class='ocrx_word' id='word_1_393' title='bbox 1449 3464 1578 3513; x_wconf 58' lang='lat' dir='ltr'>vous,</span> <span class='ocrx_word' id='word_1_394' title='bbox 1609 3459 1806 3522; x_wconf 55' lang='lat' dir='ltr'>praeclar⁴</span> 
     </span>
    </p>

    <p class='ocr_par' dir='ltr' id='par_1_22' title="bbox 1575 3520 1819 3605">
     <span class='ocr_line' id='line_1_76' title="bbox 1575 3520 1819 3605; baseline 0.004 -36"><span class='ocrx_word' id='word_1_395' title='bbox 1575 3571 1581 3579; x_wconf 60' lang='grc'>,</span> <span class='ocrx_word' id='word_1_396' title='bbox 1625 3520 1753 3605; x_wconf 43' lang='lat' dir='ltr'>{ono</span> <span class='ocrx_word' id='word_1_397' title='bbox 1816 3571 1819 3579; x_wconf 66' lang='grc'><strong>,</strong></span> 
     </span>
    </p>
   </div>
  </div>
 </body>
</html>
