2372 4030
488 404 616 468 «η
735 375 804 451 Ρ.
867 361 1346 452 VIRG1L11
1415 370 1924 455 MARONffi

487 555 785 645 Reginam
813 563 987 644 petit.
1075 564 1236 625 Haec
1257 563 1472 637 oculis»,
1514 564 1646 623 haee
1673 563 1914 643 pedkore
1939 566 2082 625 toto
2128 566 2131 568 ’

485 652 736 740 Haeret:
780 691 840 737 et
861 676 1161 737 interdurn
1188 676 1423 757 gremio
1451 674 1635 748 fovet,
1678 661 1863 736 inscia
1886 677 2074 750 Didm

484 785 710 853 Infidat
735 807 990 872 quantus
1020 790 1249 851 miserae
1277 791 1445 853 deusz
1530 791 1620 852 At
1646 811 1878 852 memor
1904 791 2010 851 ille

484 903 710 966 Matris
739 906 1055 979 Acidaliae,
1082 905 1399 985 paullatim
1426 905 1663 966 abolere
1679 906 1997 985 Sychaeum
2013 905 2140 983 726

486 1019 733 1100 Incipit,
773 1034 834 1080 et
861 1020 1003 1079 vivo
1031 1033 1221 1079 tentat
1248 1034 1606 1099 praevertere
1626 1038 1833 1079 amore

486 1133 628 1214 Jam'
651 1137 891 1217 pridem
914 1136 1126 1195 resides
1152 1135 1381 1195 anImos
1411 1136 1764 1215 desuetaque
1791 1132 1992 1195 corda4

484 1250 807 1332 Postquam
834 1251 1029 1331 prima
1051 1249 1216 1329 quies
1245 1249 1458 1331 epuliS‚
1487 1247 1830 1327 mensaeque
1848 1260 2137 1316 remotaeg

485 1363 754 1425 Crateras
785 1385 1032 1444 magnos
1060 1365 1340 1436 statuunt,
1381 1377 1439 1422 et
1467 1362 1605 1421 vina
1632 1376 1945 1422 coronant.

539 1568 638 1612 719.
667 1559 787 1614 itfidat
800 1555 1026 1599 Mediceiet
1044 1558 1293 1613 optimorum
1319 1557 1438 1599 codd.-
1458 1567 1524 1611 ap.
1546 1556 1689 1599 Heius.
1707 1558 1762 1599 est
1787 1559 1924 1610 Ιεὸὶίο,
1950 1572 2072 1613 quam
2091 1557 2134 1603 ei

486 1622 597 1664 Serv.
619 1636 665 1662 ac
681 1623 866 1662 Donatus
884 1622 1118 1674 agnoscunt,
1145 1636 1237 1662 cum
1267 1622 1419 1670 Nonio,
1447 1631 1658 1675 tamquam
1706 1624 1985 1672 archaismum,
2014 1626 2136 1666 adeo’·

485 1700 566 1740 que
585 1686 822 1727 doe'ciorem.
878 1686 1017 1739 Vulgo
1034 1688 1199 1740 iqſsdeat:
1227 1699 1350 1740 quam
1385 1686 1501 1726 codd.
1527 1695 1569 1725 et
1598 1686 1688 1727 edd.
1710 1685 1913 1728 familiam
1933 1690 2060 1739 ducit,
2086 1698 2135 1732 ut

482 1751 595 1798 ahai»,
623 1752 843 1790 Romanus.
899 1751 965 1790 De
1001 1763 1091 1790 voc.
1121 1751 1163 1789 vi
1196 1763 1236 1789 v.
1267 1751 1460 1789 German.
1490 1749 1580 1790 Val.
1637 1759 1801 1802 quantum
1832 1767 1880 1790 m.
1898 1755 1932 1791 d.
1951 1769 1992 1791 ac
2002 1769 2133 1794 memor

485 1815 827 1864 Franc.——720.
855 1814 980 1852 obolere
1011 1812 1112 1852 alter
1142 1814 1312 1865 Menag.

1427 1821 1520 1862 721.
1538 1821 1743 1865 pervertere
1779 1814 1979 1855 Montalb.
2010 1817 2135 1859 Leidu

479 1886 681 1933 pervertere
699 1891 845 1916 amorem
866 1876 928 1917 ed.
950 1878 1060 1918 Ven.
1080 1886 1121 1917 et
1135 1877 1186 1917 fic
1205 1879 1414 1916 Romanus
1431 1876 1631 1929 antiquiss'.
1680 1887 1886 1931 per-vertere
1899 1889 2008 1920 tentat
2020 1897 2137 1923 amore

485 1944 634 1996 Puget.
685 1946 808 1981 vinot.
824 1951 867 1995 p.
886 1957 1034 1980 amorem
1050 1941 1179 1982 Goth.
1200 1951 1500 1993 tert-——722.
1525 1942 1665 1995 dg'ffizeta
1684 1951 1753 1995 qu.
1775 1944 1931 1984 Moret.
1954 1953 1995 1985 et
2013 1946 2139 1988 Wall.

598 2019 690 2058 723.
720 2008 832 2047 Idem
850 2005 935 2046 fere
966 2006 1101 2046 versus
1128 2007 1213 2061 sup.
1243 2006 1334 2048 216.

1414 2020 1417 2022 ’
1447 2017 1541 2056 724.
1569 2016 1718 2046 crateres
1736 2007 1889 2061 aliquot
1909 2022 1973 2063 ap.
1995 2011 2135 2051 Burm-

483 2089 627 2127 maguas
646 2081 739 2112 tert.
760 2071 954 2111 Rottend.
976 2080 1017 2110 et
1045 2071 1164 2111 Leid.
1187 2071 1295 2124 quafi
1314 2085 1337 2111 a
1354 2080 1491 2111 cratera
1511 2071 1678 2112 dufflmm
1708 2071 1770 2113 fit.
1827 2074 1992 2112 Crateras
2011 2076 2137 2128 laetis.

486 2138 646 2180 Nonius
663 2146 702 2178 et
726 2137 890 2178 Crateras
907 2138 1002 2190 longe
1004 2133 1060 2191 st
1079 2137 1280 2186 Lutatius,
1304 2150 1367 2191 ap.
1389 2137 1554 2185 Eurum,
1577 2135 1684 2176 forte
1704 2150 1752 2177 ex
1770 2137 1870 2178 AEn'.
1887 2139 1980 2188 vn,
2000 2147 2096 2191 147.

487 2272 612 2306 nunc
653 2256 872 2320 explevit,
925 2254 1120 2314 satiavit,
1173 2273 1270 2304 am·

487 2324 642 2388 plexu.
709 2321 788 2368 Cf.
811 2320 926 2367 Exc.
944 2320 1003 2367 ad
1025 2321 1074 2368 h.
1093 2338 1140 2369 v.

554 2401 646 2450 7¹7
685 2385 751 2448 sq.
786 2387 941 2433 Haeret
981 2383 1031 2431 in
1064 2401 1274 2449 puero—-

480 2456 641 2517 gremio
645 2453 799 2514 fovet,
832 2449 929 2497 noli
950 2464 1007 2495 ex
1036 2451 1183 2497 nostro
1211 2449 1275 2497 se-

485 2515 628 2563 dendi
684 2529 808 2562 more
866 2514 1079 2561 aestimare
1133 2513 1276 2578 (quod

483 2580 627 2628 etiam
641 2578 871 2627 Valefium
891 2577 1054 2625 fefellit
1067 2578 1117 2625 in
1134 2579 1181 2625 V
1183 2579 1272 2626 ale-

485 2644 620 2692 fianis
639 2661 684 2707 p.
709 2644 821 2704 63);
875 2658 978 2689 nam
1018 2641 1143 2690 Iulus
1175 2644 1273 2706 jam

485 2718 586 2758 tum
618 2707 859 2771 pubescere
890 2705 1070 2762 debuit,
1102 2707 1133 2754 fi
1173 2707 1273 2770 qui·

485 2773 597 2820 dem
618 2783 722 2819 ante
758 2771 925 2835 septem
963 2787 1101 2819 annos
1133 2772 1273 2836 patris

472 2829 626 2884 'due‘tu
647 2852 674 2882 e
695 2836 838 2899 Troja
858 2835 1052 2899 egreffus
1069 2836 1147 2884 est.
1182 2833 1272 2883 Sed

483 2900 851 2949 accumbentium
889 2900 994 2947 fitus
1028 2900 1182 2948 animo
1205 2917 1273 2948 re-

484 2964 817 3031 praesentandus
858 2964 935 3013 est.
1000 2968 1159 3028 mfi’rae
1188 2981 1272 3029 pro

469 3031 579 3095 fibi,
611 3041 778 3094 quanta
812 3045 918 3077 cum
963 3027 1036 3076 vi!
1091 3041 1138 3078 et
1175 3042 1272 3077 tota

484 3095 633 3159 poe'tae
654 3093 878 3158 cogitatio
916 3092 1099 3159 egregie
1118 3094 1178 3143 est
1199 3094 1269 3142 in-

484 3160 631 3208 serta:
687 3163 816 3270 ἰνῖεἱα
850 3157 1092 3220 Dea-dene.
1167 3157 1271 3207 Aci-

482 3224 610 3272 dalia
630 3222 703 3269 Ve
737 3240 786 3270 us
808 3220 866 3269 ab
889 3221 1108 3269 Acidalio
1126 3220 1271 3279 fonte,

486 3287 571 3351 qui
591 3288 652 3335 est
684 3287 735 3334 in
755 3286 1049 3334 Orchomeno
1082 3286 1274 3336 Boeotiae

483 3350 694 3407 civitate,
728 3350 777 3398 in
802 3367 894 3414 quo
935 3350 980 3398 se
1016 3350 1174 3416 gratiae
1207 3351 1272 3399 la-

485 3425 614 3471 vant,
642 3430 751 3479 quas
774 3414 946 3463 Veneri
988 3416 1159 3463 constat
1186 3417 1270 3465 esse

481 3478 688 3527 sacratas·
707 3480 838 3528 Serv.
862 3479 1025 3528 abolere
1044 3481 1274 3538 Sicbaeum,

484 3537 537 3592 h.
566 3558 608 3591 e.
649 3542 814 3591 Sichaei
840 3543 1126 3602 memoriam,
1158 3545 1271 3593 defi-

486 3605 685 3667 derium,
730 3623 950 3683 amorem.
1008 3622 1273 3683 praevertere

1350 2253 1570 2319 exquifite
1590 2270 1674 2320 pro
1696 2254 1907 2319 fimpfici,
1939 2272 2138 2322 occupa-

1350 2336 1399 2366 re
1420 2335 1587 2367 amore.
1653 2318 1800 2374 Nam,
1834 2321 1959 2385 quod
1994 2338 2140 2371 occu⁴

1351 2401 1527 2448 pamm,
1561 2383 1611 2431 in
1648 2400 1703 2432 eo
1741 2383 1872 2432 fimul
1910 2385 2139 2450 praeverti-

1353 2466 1450 2496 mus
1471 2448 1603 2503 alios,-
1637 2464 1693 2495 ne
1714 2462 1954 2514 occupent.
2018 2471 2137 2502 amos

1355 2534 1400 2561 re
1419 2521 1549 2570 vivo,-
1582 2525 1632 2559 ut
1632 2516 1817 2573 flamma
1837 2523 1958 2562 viva
1973 2535 1993 2572 ,·
2025 2531 2139 2580 opp.¹

1352 2579 1495 2640 resides
1525 2586 1675 2632 animi,
1706 2577 1885 2626 animus
1904 2580 1962 2626 ad
1984 2596 2139 2627 amam

1351 2643 1482 2698 dum,
1516 2655 1566 2690 ut
1586 2639 1701 2689 bene
1722 2642 1918 2698 Servius,
1951 2644 2069 2692 iners
2088 2656 2138 2692 et

1350 2706 1431 2769 qui
1451 2706 1654 2755 desuevit
1675 2723 1842 2756 amare.
1908 2709 2040 2757 Amor
2057 2724 2140 2756 au-

1353 2784 1449 2820 tem
1456 2771 1595 2836 puber
1611 2771 1661 2819 h.
1685 2771 1739 2828 1.,
1774 2782 1826 2818 ut
1867 2771 1918 2819 in
1939 2784 2030 2820 vet.
2049 2773 2142 2839 fig-

1349 2832 1421 2882 nis
1439 2852 1515 2901 ap.
1537 2834 1818 2885 Winckelm.
1856 2836 1915 2886 G.
1937 2831 1982 2886 d.
2003 2836 2068 2888 K.
2087 2854 2140 2903 p.

1351 2917 1464 2964 233.

1415 2980 1475 3030 72
1482 2980 1528 3027 3.
1561 2965 1780 3030 Pqstquam
1787 2970 1936 3030 prima
1950 2973 2059 3032 quies
2079 2986 2116 3017 e.
2119 3000 2144 3024 ,

1348 3025 1396 3077 h.
1418 3046 1459 3080 e.
1483 3029 1791 3093 cumprimum
1800 3030 2014 3095 epulandi
2038 3031 2143 3094 finio

1348 3095 1452 3142 effet
1473 3092 1632 3142 fastus·
1699 3093 1826 3141 Nam
1846 3095 1992 3142 libatio
2011 3095 2070 3144 ad
2086 3096 2143 3146 fia

1352 3175 1455 3206 nem
1472 3173 1615 3205 coenae
1645 3156 1780 3214 faCta,
1813 3176 1858 3208 v.-
1880 3159 1938 3206 ad
1957 3176 2000 3208 v.
2023 3176 2143 3228 705·

1354 3221 1497 3278 VIII,
1537 3223 1628 3286 184
1664 3234 1711 3271 et
1739 3223 1851 3288 273,
1882 3239 1995 3288 279,
2027 3229 2144 3274 280..

1355 3285 1428 3335 De
1462 3286 1607 3351 spatio
1641 3285 1764 3335 inter
1796 3287 1987 3353 primam
2007 3301 2055 3341 er.
2075 3288 2142 3337 sea

1342 3353 1552 3414 tundam
1574 3349 1772 3399 mensam
1807 3351 1966 3399 frustra
1986 3351 2147 3403 Cerda

1349 3416 1510 3465 multa.
1574 3421 1724 3481 mensae
1755 3430 1935 3469 remotae.
1984 3416 2048 3465 cf.
2078 3417 2147 3467 ad

1354 3495 1398 3529 ψ.
1422 3483 1537 3531 216.
2116 3520 2122 3527 ,

1420 3560 1532 3610 724.
1581 3545 1732 3609 Αὖτοὶς
1769 3543 1857 3595 ἔοι-εἲ
1891 3545 2033 3594 πόσιος
2067 3543 2152 3603 καῖ’

1356 3606 1517 3678 ἔδητῦος
1555 3612 1602 3671 ἐξ
1645 3613 1726 3677 ἔξω
1765 3615 1866 3678 ἕντο,
1902 3617 2030 3673 Κὲςοι
2056 3604 2144 3678 ,μέν

1605 3689 1639 3742 -5
1690 3690 1695 3695 ·
1935 3681 2145 3742 *efflei*
