<?xml version="1.0" encoding="UTF-8"?>
<!DOCTYPE html PUBLIC "-//W3C//DTD XHTML 1.0 Transitional//EN"
    "http://www.w3.org/TR/xhtml1/DTD/xhtml1-transitional.dtd">
<html xmlns="http://www.w3.org/1999/xhtml" xml:lang="en" lang="en">
 <head>
  <title>
</title>
<meta http-equiv="Content-Type" content="text/html;charset=utf-8" />
  <meta name='ocr-system' content='tesseract 3.04.00' />
  <meta name='ocr-capabilities' content='ocr_page ocr_carea ocr_par ocr_line ocrx_word'/>
</head>
<body>
  <div class='ocr_page' id='page_1' title='image "./operavarietatele02virguoft_0186.png"; bbox 0 0 2372 4030; ppageno 0'>
   <div class='ocr_carea' id='block_1_1' title="bbox 470 313 1912 409">
    <p class='ocr_par' dir='ltr' id='par_1_1' title="bbox 470 313 1912 409">
     <span class='ocr_line' id='line_1_1' title="bbox 470 313 1912 409; baseline -0.006 -27"><span class='ocrx_word' id='word_1_1' title='bbox 470 336 552 406; x_wconf 84' lang='lat'>90</span> <span class='ocrx_word' id='word_1_2' title='bbox 708 315 778 378; x_wconf 89' lang='grc' dir='ltr'>Ρ.</span> <span class='ocrx_word' id='word_1_3' title='bbox 855 313 1334 409; x_wconf 80' lang='lat' dir='ltr'>VIRG1L11</span> <span class='ocrx_word' id='word_1_4' title='bbox 1417 313 1912 376; x_wconf 80' lang='lat' dir='ltr'><strong>MARONIS</strong></span> 
     </span>
    </p>
   </div>
   <div class='ocr_carea' id='block_1_2' title="bbox 474 472 1875 562">
    <p class='ocr_par' dir='ltr' id='par_1_2' title="bbox 474 472 1875 562">
     <span class='ocr_line' id='line_1_2' title="bbox 474 472 1875 562; baseline -0.001 -19"><span class='ocrx_word' id='word_1_5' title='bbox 474 482 608 543; x_wconf 87' lang='lat' dir='ltr'>Nec</span> <span class='ocrx_word' id='word_1_6' title='bbox 637 480 858 562; x_wconf 86' lang='lat' dir='ltr'>pietate</span> <span class='ocrx_word' id='word_1_7' title='bbox 885 479 1020 554; x_wconf 87' lang='lat' dir='ltr'>fuit,</span> <span class='ocrx_word' id='word_1_8' title='bbox 1047 500 1154 540; x_wconf 89' lang='lat' dir='ltr'>nec</span> <span class='ocrx_word' id='word_1_9' title='bbox 1182 480 1342 539; x_wconf 89' lang='lat' dir='ltr'>bello</span> <span class='ocrx_word' id='word_1_10' title='bbox 1368 472 1561 560; x_wconf 76' lang='lat' dir='ltr'>major</span> <span class='ocrx_word' id='word_1_11' title='bbox 1585 493 1644 538; x_wconf 85' lang='lat' dir='ltr'>et</span> <span class='ocrx_word' id='word_1_12' title='bbox 1671 479 1875 541; x_wconf 76' lang='lat' dir='ltr'>armis,</span> 
     </span>
    </p>
   </div>
   <div class='ocr_carea' id='block_1_3' title="bbox 1976 494 2113 559">
    <p class='ocr_par' dir='ltr' id='par_1_3' title="bbox 1976 494 2113 559">
     <span class='ocr_line' id='line_1_3' title="bbox 1976 494 2113 559; baseline 0 -3"><span class='ocrx_word' id='word_1_13' title='bbox 1976 494 2113 559; x_wconf 85' lang='grc'><strong>,545</strong></span> 
     </span>
    </p>
   </div>
   <div class='ocr_carea' id='block_1_4' title="bbox 475 590 1935 680">
    <p class='ocr_par' dir='ltr' id='par_1_4' title="bbox 475 590 1935 680">
     <span class='ocr_line' id='line_1_4' title="bbox 475 590 1935 680; baseline -0.001 -25"><span class='ocrx_word' id='word_1_14' title='bbox 475 599 681 680; x_wconf 78' lang='lat' dir='ltr'>Qem</span> <span class='ocrx_word' id='word_1_15' title='bbox 708 595 752 654; x_wconf 91' lang='lat' dir='ltr'><strong>fi</strong></span> <span class='ocrx_word' id='word_1_16' title='bbox 782 595 903 655; x_wconf 86' lang='lat' dir='ltr'>fata</span> <span class='ocrx_word' id='word_1_17' title='bbox 928 595 1128 654; x_wconf 90' lang='lat' dir='ltr'>virum</span> <span class='ocrx_word' id='word_1_18' title='bbox 1161 593 1413 668; x_wconf 88' lang='lat' dir='ltr'>servant,</span> <span class='ocrx_word' id='word_1_19' title='bbox 1439 594 1484 653; x_wconf 89' lang='lat' dir='ltr'>fi</span> <span class='ocrx_word' id='word_1_20' title='bbox 1513 590 1770 655; x_wconf 71' lang='lat' dir='ltr'>vestitur</span> <span class='ocrx_word' id='word_1_21' title='bbox 1795 591 1935 655; x_wconf 77' lang='lat' dir='ltr'>aura</span> 
     </span>
    </p>
   </div>
   <div class='ocr_carea' id='block_1_5' title="bbox 476 711 2122 795">
    <p class='ocr_par' dir='ltr' id='par_1_5' title="bbox 476 711 2122 795">
     <span class='ocr_line' id='line_1_5' title="bbox 476 711 2122 795; baseline -0.004 -17"><span class='ocrx_word' id='word_1_22' title='bbox 476 715 768 787; x_wconf 88' lang='lat' dir='ltr'>AEtheria,</span> <span class='ocrx_word' id='word_1_23' title='bbox 795 734 986 795; x_wconf 89' lang='lat' dir='ltr'>neque</span> <span class='ocrx_word' id='word_1_24' title='bbox 1005 713 1199 774; x_wconf 86' lang='lat' dir='ltr'>adhuc</span> <span class='ocrx_word' id='word_1_25' title='bbox 1221 711 1559 772; x_wconf 85' lang='lat' dir='ltr'>crudelibus</span> <span class='ocrx_word' id='word_1_26' title='bbox 1579 713 1832 774; x_wconf 89' lang='lat' dir='ltr'>occubat</span> <span class='ocrx_word' id='word_1_27' title='bbox 1855 713 2084 773; x_wconf 90' lang='lat' dir='ltr'>umbris</span> <span class='ocrx_word' id='word_1_28' title='bbox 2102 741 2122 782; x_wconf 78' lang='lat'><em>3</em></span> 
     </span>
    </p>
   </div>
   <div class='ocr_carea' id='block_1_6' title="bbox 476 827 1824 906">
    <p class='ocr_par' dir='ltr' id='par_1_6' title="bbox 476 827 1824 906">
     <span class='ocr_line' id='line_1_6' title="bbox 476 827 1824 906; baseline -0.001 -18"><span class='ocrx_word' id='word_1_29' title='bbox 476 829 621 888; x_wconf 89' lang='lat' dir='ltr'>Non</span> <span class='ocrx_word' id='word_1_30' title='bbox 647 844 861 904; x_wconf 83' lang='lat' dir='ltr'>metuS,</span> <span class='ocrx_word' id='word_1_31' title='bbox 885 829 1085 889; x_wconf 88' lang='lat' dir='ltr'>officio</span> <span class='ocrx_word' id='word_1_32' title='bbox 1107 849 1181 887; x_wconf 91' lang='lat' dir='ltr'>ne</span> <span class='ocrx_word' id='word_1_33' title='bbox 1207 842 1266 886; x_wconf 92' lang='lat' dir='ltr'>te</span> <span class='ocrx_word' id='word_1_34' title='bbox 1292 827 1531 889; x_wconf 88' lang='lat' dir='ltr'>certasse</span> <span class='ocrx_word' id='word_1_35' title='bbox 1557 828 1824 906; x_wconf 85' lang='lat' dir='ltr'>priorem</span> 
     </span>
    </p>
   </div>
   <div class='ocr_carea' id='block_1_7' title="bbox 477 939 2128 1021">
    <p class='ocr_par' dir='ltr' id='par_1_7' title="bbox 477 939 2128 1021">
     <span class='ocr_line' id='line_1_7' title="bbox 477 939 2128 1021; baseline -0.001 -21"><span class='ocrx_word' id='word_1_36' title='bbox 477 940 795 1001; x_wconf 87' lang='lat' dir='ltr'>Poeniteat.</span> <span class='ocrx_word' id='word_1_37' title='bbox 838 968 840 970; x_wconf 57' lang='grc'>’</span> <span class='ocrx_word' id='word_1_38' title='bbox 879 942 1024 1004; x_wconf 88' lang='lat' dir='ltr'>Sunt</span> <span class='ocrx_word' id='word_1_39' title='bbox 1054 953 1113 998; x_wconf 88' lang='lat' dir='ltr'>et</span> <span class='ocrx_word' id='word_1_40' title='bbox 1139 939 1350 999; x_wconf 85' lang='lat' dir='ltr'>Siculis</span> <span class='ocrx_word' id='word_1_41' title='bbox 1380 939 1720 1019; x_wconf 83' lang='lat' dir='ltr'>regionibus</span> <span class='ocrx_word' id='word_1_42' title='bbox 1749 940 1943 1011; x_wconf 79' lang='lat' dir='ltr'>urbeS,</span> <span class='ocrx_word' id='word_1_43' title='bbox 2010 956 2128 1021; x_wconf 85' lang='lat'>549</span> 
     </span>
    </p>
   </div>
   <div class='ocr_carea' id='block_1_8' title="bbox 480 1051 2061 1136">
    <p class='ocr_par' dir='ltr' id='par_1_8' title="bbox 480 1051 2061 1136">
     <span class='ocr_line' id='line_1_8' title="bbox 480 1051 2061 1136; baseline 0 -21"><span class='ocrx_word' id='word_1_44' title='bbox 480 1054 779 1136; x_wconf 84' lang='lat' dir='ltr'>Arvaque,</span> <span class='ocrx_word' id='word_1_45' title='bbox 809 1053 1191 1135; x_wconf 80' lang='lat' dir='ltr'>Trojanoque</span> <span class='ocrx_word' id='word_1_46' title='bbox 1219 1073 1254 1110; x_wconf 89' lang='lat' dir='ltr'>a</span> <span class='ocrx_word' id='word_1_47' title='bbox 1271 1051 1551 1131; x_wconf 82' lang='lat' dir='ltr'>sanguine</span> <span class='ocrx_word' id='word_1_48' title='bbox 1581 1053 1774 1112; x_wconf 89' lang='lat' dir='ltr'>clarus</span> <span class='ocrx_word' id='word_1_49' title='bbox 1800 1054 2061 1115; x_wconf 77' lang='lat' dir='ltr'>Acestes·</span> 
     </span>
    </p>
   </div>
   <div class='ocr_carea' id='block_1_9' title="bbox 484 1267 2152 2479">
    <p class='ocr_par' dir='ltr' id='par_1_9' title="bbox 484 1267 2152 2479">
     <span class='ocr_line' id='line_1_9' title="bbox 536 1267 2133 1328; baseline -0.005 -15"><span class='ocrx_word' id='word_1_50' title='bbox 536 1282 592 1322; x_wconf 77' lang='lat'>54</span> <span class='ocrx_word' id='word_1_51' title='bbox 594 1284 634 1323; x_wconf 84' lang='lat'>5.</span> <span class='ocrx_word' id='word_1_52' title='bbox 663 1277 749 1314; x_wconf 90' lang='lat' dir='ltr'>Non</span> <span class='ocrx_word' id='word_1_53' title='bbox 761 1275 895 1328; x_wconf 84' lang='lat' dir='ltr'>pietate</span> <span class='ocrx_word' id='word_1_54' title='bbox 917 1272 1087 1313; x_wconf 87' lang='lat' dir='ltr'>Dorvill.</span> <span class='ocrx_word' id='word_1_55' title='bbox 1143 1273 1229 1312; x_wconf 85' lang='lat' dir='ltr'>bello</span> <span class='ocrx_word' id='word_1_56' title='bbox 1248 1287 1307 1312; x_wconf 84' lang='lat' dir='ltr'>nec</span> <span class='ocrx_word' id='word_1_57' title='bbox 1326 1270 1400 1310; x_wconf 86' lang='lat' dir='ltr'>sec.</span> <span class='ocrx_word' id='word_1_58' title='bbox 1424 1273 1572 1310; x_wconf 89' lang='lat' dir='ltr'>Moret.</span> <span class='ocrx_word' id='word_1_59' title='bbox 1629 1271 1860 1324; x_wconf 81' lang='lat' dir='ltr'>Argutatur</span> <span class='ocrx_word' id='word_1_60' title='bbox 1879 1269 1920 1308; x_wconf 92' lang='lat' dir='ltr'>h.</span> <span class='ocrx_word' id='word_1_61' title='bbox 1939 1267 1967 1309; x_wconf 86' lang='lat' dir='ltr'>l.</span> <span class='ocrx_word' id='word_1_62' title='bbox 1991 1269 2133 1307; x_wconf 87' lang='lat' dir='ltr'>Burm.</span> 
     </span>
     <span class='ocr_line' id='line_1_10' title="bbox 491 1332 2135 1389; baseline -0.003 -15"><span class='ocrx_word' id='word_1_63' title='bbox 491 1336 676 1389; x_wconf 87' lang='lat' dir='ltr'>quicum</span> <span class='ocrx_word' id='word_1_64' title='bbox 710 1336 848 1375; x_wconf 86' lang='lat' dir='ltr'>Servio</span> <span class='ocrx_word' id='word_1_65' title='bbox 878 1337 1086 1376; x_wconf 86' lang='lat' dir='ltr'>discrimen</span> <span class='ocrx_word' id='word_1_66' title='bbox 1117 1335 1211 1375; x_wconf 87' lang='lat' dir='ltr'>facit</span> <span class='ocrx_word' id='word_1_67' title='bbox 1243 1335 1349 1375; x_wconf 85' lang='lat' dir='ltr'>inter</span> <span class='ocrx_word' id='word_1_68' title='bbox 1367 1335 1493 1374; x_wconf 86' lang='lat' dir='ltr'>bellum</span> <span class='ocrx_word' id='word_1_69' title='bbox 1512 1344 1552 1374; x_wconf 89' lang='lat' dir='ltr'>et</span> <span class='ocrx_word' id='word_1_70' title='bbox 1571 1349 1694 1379; x_wconf 58' lang='lat' dir='ltr'>armen</span> <span class='ocrx_word' id='word_1_71' title='bbox 1724 1334 1814 1373; x_wconf 84' lang='lat' dir='ltr'>sane</span> <span class='ocrx_word' id='word_1_72' title='bbox 1842 1332 2012 1372; x_wconf 88' lang='lat' dir='ltr'>eandem</span> <span class='ocrx_word' id='word_1_73' title='bbox 2047 1341 2135 1369; x_wconf 86' lang='lat' dir='ltr'>rem</span> 
     </span>
     <span class='ocr_line' id='line_1_11' title="bbox 484 1398 2134 1454; baseline 0 -15"><span class='ocrx_word' id='word_1_74' title='bbox 484 1401 689 1440; x_wconf 79' lang='lat' dir='ltr'>declarant</span> <span class='ocrx_word' id='word_1_75' title='bbox 702 1401 768 1440; x_wconf 85' lang='lat' dir='ltr'>scd</span> <span class='ocrx_word' id='word_1_76' title='bbox 787 1401 913 1452; x_wconf 84' lang='lat' dir='ltr'>tropis</span> <span class='ocrx_word' id='word_1_77' title='bbox 927 1400 1104 1444; x_wconf 74' lang='lat' dir='ltr'>diversis.</span> <span class='ocrx_word' id='word_1_78' title='bbox 1214 1399 1311 1449; x_wconf 78' lang='grc'>546.</span> <span class='ocrx_word' id='word_1_79' title='bbox 1338 1411 1371 1438; x_wconf 89' lang='lat' dir='ltr'>et</span> <span class='ocrx_word' id='word_1_80' title='bbox 1387 1399 1541 1454; x_wconf 63' lang='lat' dir='ltr'>‘orffa-itur</span> <span class='ocrx_word' id='word_1_81' title='bbox 1551 1412 1610 1451; x_wconf 89' lang='lat' dir='ltr'>pr.</span> <span class='ocrx_word' id='word_1_82' title='bbox 1636 1398 1786 1437; x_wconf 90' lang='lat' dir='ltr'>Hamb.</span> <span class='ocrx_word' id='word_1_83' title='bbox 1898 1410 1993 1448; x_wconf 82' lang='lat'><strong><em>547.</em></strong></span> <span class='ocrx_word' id='word_1_84' title='bbox 2023 1409 2134 1450; x_wconf 80' lang='lat' dir='ltr'>neque.</span> 
     </span>
     <span class='ocr_line' id='line_1_12' title="bbox 486 1462 2134 1517; baseline -0.004 -11"><span class='ocrx_word' id='word_1_85' title='bbox 486 1467 606 1506; x_wconf 79' lang='lat' dir='ltr'>adhuc</span> <span class='ocrx_word' id='word_1_86' title='bbox 625 1465 848 1509; x_wconf 63' lang='lat' dir='ltr'>constanter</span> <span class='ocrx_word' id='word_1_87' title='bbox 864 1466 977 1504; x_wconf 80' lang='lat' dir='ltr'>codd,</span> <span class='ocrx_word' id='word_1_88' title='bbox 999 1464 1133 1503; x_wconf 62' lang='lat' dir='ltr'>Hcinsv</span> <span class='ocrx_word' id='word_1_89' title='bbox 1156 1473 1195 1503; x_wconf 89' lang='lat' dir='ltr'>et</span> <span class='ocrx_word' id='word_1_90' title='bbox 1227 1463 1346 1502; x_wconf 89' lang='lat' dir='ltr'>multi</span> <span class='ocrx_word' id='word_1_91' title='bbox 1369 1463 1471 1502; x_wconf 86' lang='lat' dir='ltr'>Pier.</span> <span class='ocrx_word' id='word_1_92' title='bbox 1495 1463 1562 1502; x_wconf 86' lang='lat' dir='ltr'>alii</span> <span class='ocrx_word' id='word_1_93' title='bbox 1578 1479 1650 1502; x_wconf 88' lang='lat' dir='ltr'>nec.</span> <span class='ocrx_word' id='word_1_94' title='bbox 1707 1474 1853 1517; x_wconf 83' lang='lat' dir='ltr'>occupat</span> <span class='ocrx_word' id='word_1_95' title='bbox 1878 1470 1960 1501; x_wconf 87' lang='lat' dir='ltr'>tres</span> <span class='ocrx_word' id='word_1_96' title='bbox 1989 1462 2134 1500; x_wconf 72' lang='lat' dir='ltr'>Burm-</span> 
     </span>
     <span class='ocr_line' id='line_1_13' title="bbox 488 1524 2139 1582; baseline -0.004 -13"><span class='ocrx_word' id='word_1_97' title='bbox 488 1543 619 1578; x_wconf 70' lang='lat'>——5</span> <span class='ocrx_word' id='word_1_98' title='bbox 628 1528 691 1576; x_wconf 76' lang='lat'>48.</span> <span class='ocrx_word' id='word_1_99' title='bbox 727 1529 905 1581; x_wconf 73' lang='lat' dir='ltr'>Vulgata</span> <span class='ocrx_word' id='word_1_100' title='bbox 919 1541 1003 1568; x_wconf 83' lang='lat' dir='ltr'>erat</span> <span class='ocrx_word' id='word_1_101' title='bbox 1023 1528 1143 1567; x_wconf 60' lang='lat' dir='ltr'>leerio</span> <span class='ocrx_word' id='word_1_102' title='bbox 1162 1539 1174 1566; x_wconf 70' lang='lat' dir='ltr'>t</span> <span class='ocrx_word' id='word_1_103' title='bbox 1204 1528 1307 1582; x_wconf 74' lang='lat' dir='ltr'>qfficio</span> <span class='ocrx_word' id='word_1_104' title='bbox 1327 1541 1386 1566; x_wconf 86' lang='lat' dir='ltr'>nec</span> <span class='ocrx_word' id='word_1_105' title='bbox 1400 1537 1458 1564; x_wconf 84' lang='lat' dir='ltr'>te-:</span> <span class='ocrx_word' id='word_1_106' title='bbox 1491 1526 1533 1564; x_wconf 88' lang='lat' dir='ltr'>in</span> <span class='ocrx_word' id='word_1_107' title='bbox 1552 1538 1675 1578; x_wconf 91' lang='lat' dir='ltr'>quam</span> <span class='ocrx_word' id='word_1_108' title='bbox 1693 1526 1844 1564; x_wconf 91' lang='lat' dir='ltr'>mirum</span> <span class='ocrx_word' id='word_1_109' title='bbox 1863 1524 1917 1564; x_wconf 87' lang='lat' dir='ltr'>est</span> <span class='ocrx_word' id='word_1_110' title='bbox 1937 1524 2139 1576; x_wconf 84' lang='lat' dir='ltr'>optimum</span> 
     </span>
     <span class='ocr_line' id='line_1_14' title="bbox 487 1587 2132 1645; baseline -0.003 -14"><span class='ocrx_word' id='word_1_111' title='bbox 487 1605 688 1645; x_wconf 83' lang='lat' dir='ltr'>quemque</span> <span class='ocrx_word' id='word_1_112' title='bbox 719 1593 910 1640; x_wconf 80' lang='lat' dir='ltr'>codicem,</span> <span class='ocrx_word' id='word_1_113' title='bbox 943 1601 1061 1644; x_wconf 85' lang='lat' dir='ltr'>atque</span> <span class='ocrx_word' id='word_1_114' title='bbox 1098 1592 1223 1630; x_wconf 82' lang='lat' dir='ltr'>etiam</span> <span class='ocrx_word' id='word_1_115' title='bbox 1261 1590 1571 1637; x_wconf 85' lang='lat' dir='ltr'>Grammaticos,</span> <span class='ocrx_word' id='word_1_116' title='bbox 1601 1589 1656 1642; x_wconf 82' lang='lat' dir='ltr'>(v.</span> <span class='ocrx_word' id='word_1_117' title='bbox 1700 1588 1858 1644; x_wconf 90' lang='lat' dir='ltr'>Heins.)</span> <span class='ocrx_word' id='word_1_118' title='bbox 1889 1587 2132 1641; x_wconf 81' lang='lat' dir='ltr'>conspirare3</span> 
     </span>
     <span class='ocr_line' id='line_1_15' title="bbox 488 1651 2136 1706; baseline -0.005 -11"><span class='ocrx_word' id='word_1_119' title='bbox 488 1656 545 1695; x_wconf 83' lang='lat' dir='ltr'>est</span> <span class='ocrx_word' id='word_1_120' title='bbox 558 1657 667 1695; x_wconf 85' lang='lat' dir='ltr'>enim</span> <span class='ocrx_word' id='word_1_121' title='bbox 682 1655 891 1695; x_wconf 83' lang='lat' dir='ltr'>manifesto</span> <span class='ocrx_word' id='word_1_122' title='bbox 912 1655 1032 1694; x_wconf 85' lang='lat' dir='ltr'>falsa:</span> <span class='ocrx_word' id='word_1_123' title='bbox 1064 1670 1124 1694; x_wconf 85' lang='lat' dir='ltr'>nec</span> <span class='ocrx_word' id='word_1_124' title='bbox 1147 1667 1180 1693; x_wconf 85' lang='lat' dir='ltr'>te</span> <span class='ocrx_word' id='word_1_125' title='bbox 1205 1668 1233 1695; x_wconf 87' lang='lat' dir='ltr'>c.</span> <span class='ocrx_word' id='word_1_126' title='bbox 1255 1653 1321 1693; x_wconf 85' lang='lat' dir='ltr'>vel</span> <span class='ocrx_word' id='word_1_127' title='bbox 1340 1669 1449 1706; x_wconf 85' lang='lat' dir='ltr'>neque</span> <span class='ocrx_word' id='word_1_128' title='bbox 1462 1665 1506 1692; x_wconf 81' lang='lat' dir='ltr'>te.</span> <span class='ocrx_word' id='word_1_129' title='bbox 1563 1653 1706 1692; x_wconf 81' lang='lat' dir='ltr'>Sensus</span> <span class='ocrx_word' id='word_1_130' title='bbox 1726 1651 1891 1705; x_wconf 87' lang='lat' dir='ltr'>quidem</span> <span class='ocrx_word' id='word_1_131' title='bbox 1913 1651 2136 1704; x_wconf 71' lang='lat' dir='ltr'>qualiscun-</span> 
     </span>
     <span class='ocr_line' id='line_1_16' title="bbox 490 1715 2136 1772; baseline -0.001 -13"><span class='ocrx_word' id='word_1_132' title='bbox 490 1733 569 1772; x_wconf 91' lang='lat' dir='ltr'>que</span> <span class='ocrx_word' id='word_1_133' title='bbox 589 1720 817 1772; x_wconf 85' lang='lat' dir='ltr'>extorqueri</span> <span class='ocrx_word' id='word_1_134' title='bbox 843 1720 934 1758; x_wconf 83' lang='lat' dir='ltr'>inde</span> <span class='ocrx_word' id='word_1_135' title='bbox 955 1717 1108 1771; x_wconf 90' lang='lat' dir='ltr'>potest;</span> <span class='ocrx_word' id='word_1_136' title='bbox 1137 1717 1204 1756; x_wconf 87' lang='lat' dir='ltr'>sed</span> <span class='ocrx_word' id='word_1_137' title='bbox 1233 1715 1407 1756; x_wconf 89' lang='lat' dir='ltr'>occurrit</span> <span class='ocrx_word' id='word_1_138' title='bbox 1435 1716 1649 1769; x_wconf 88' lang='lat' dir='ltr'>unicuique</span> <span class='ocrx_word' id='word_1_139' title='bbox 1679 1716 1720 1755; x_wconf 89' lang='lat' dir='ltr'>in</span> <span class='ocrx_word' id='word_1_140' title='bbox 1741 1715 1891 1765; x_wconf 85' lang='lat' dir='ltr'>oculos,</span> <span class='ocrx_word' id='word_1_141' title='bbox 1915 1715 2136 1769; x_wconf 81' lang='lat' dir='ltr'>legendum</span> 
     </span>
     <span class='ocr_line' id='line_1_17' title="bbox 488 1780 2143 1840; baseline -0.002 -17"><span class='ocrx_word' id='word_1_142' title='bbox 488 1783 591 1823; x_wconf 85' lang='lat' dir='ltr'>effe:</span> <span class='ocrx_word' id='word_1_143' title='bbox 623 1788 708 1825; x_wconf 88' lang='lat' dir='ltr'>Non</span> <span class='ocrx_word' id='word_1_144' title='bbox 737 1784 976 1840; x_wconf 63' lang='lat' dir='ltr'>rnetus‚qfficio</span> <span class='ocrx_word' id='word_1_145' title='bbox 995 1799 1037 1822; x_wconf 81' lang='lat' dir='ltr'>ne</span> <span class='ocrx_word' id='word_1_146' title='bbox 1055 1794 1088 1822; x_wconf 87' lang='lat' dir='ltr'>te</span> <span class='ocrx_word' id='word_1_147' title='bbox 1103 1798 1131 1822; x_wconf 88' lang='lat' dir='ltr'>c.</span> <span class='ocrx_word' id='word_1_148' title='bbox 1149 1793 1191 1836; x_wconf 87' lang='lat' dir='ltr'>p.</span> <span class='ocrx_word' id='word_1_149' title='bbox 1213 1784 1262 1820; x_wconf 88' lang='lat' dir='ltr'>P.</span> <span class='ocrx_word' id='word_1_150' title='bbox 1282 1782 1302 1818; x_wconf 73' lang='grc' dir='ltr'><strong>ἐ</strong></span> <span class='ocrx_word' id='word_1_151' title='bbox 1323 1780 1435 1830; x_wconf 70' lang='grc' dir='ltr'><strong><em>φέβος,</em></strong></span> <span class='ocrx_word' id='word_1_152' title='bbox 1454 1780 1519 1831; x_wconf 73' lang='grc' dir='ltr'>μή.</span> <span class='ocrx_word' id='word_1_153' title='bbox 1576 1782 1671 1820; x_wconf 91' lang='lat' dir='ltr'>Non</span> <span class='ocrx_word' id='word_1_154' title='bbox 1692 1781 1956 1820; x_wconf 82' lang='lat' dir='ltr'>metuendum</span> <span class='ocrx_word' id='word_1_155' title='bbox 1987 1781 2060 1829; x_wconf 88' lang='lat' dir='ltr'>est,</span> <span class='ocrx_word' id='word_1_156' title='bbox 2089 1794 2143 1826; x_wconf 85' lang='lat' dir='ltr'>ne</span> 
     </span>
     <span class='ocr_line' id='line_1_18' title="bbox 490 1843 2140 1899; baseline 0 -15"><span class='ocrx_word' id='word_1_157' title='bbox 490 1855 532 1884; x_wconf 92' lang='lat' dir='ltr'>te</span> <span class='ocrx_word' id='word_1_158' title='bbox 551 1848 742 1899; x_wconf 83' lang='lat' dir='ltr'>poeniteat</span> <span class='ocrx_word' id='word_1_159' title='bbox 764 1847 976 1898; x_wconf 84' lang='lat' dir='ltr'>aliquando</span> <span class='ocrx_word' id='word_1_160' title='bbox 995 1845 1197 1885; x_wconf 86' lang='lat' dir='ltr'>beneficiis</span> <span class='ocrx_word' id='word_1_161' title='bbox 1225 1858 1297 1883; x_wconf 88' lang='lat' dir='ltr'>nos</span> <span class='ocrx_word' id='word_1_162' title='bbox 1316 1845 1493 1896; x_wconf 86' lang='lat' dir='ltr'>priorem</span> <span class='ocrx_word' id='word_1_163' title='bbox 1513 1843 1760 1884; x_wconf 72' lang='lat' dir='ltr'>demeruisse.</span> <span class='ocrx_word' id='word_1_164' title='bbox 1818 1845 1872 1883; x_wconf 88' lang='lat' dir='ltr'>Et</span> <span class='ocrx_word' id='word_1_165' title='bbox 1900 1843 2023 1884; x_wconf 85' lang='lat' dir='ltr'>exstat</span> <span class='ocrx_word' id='word_1_166' title='bbox 2051 1844 2140 1884; x_wconf 85' lang='lat' dir='ltr'>haec</span> 
     </span>
     <span class='ocr_line' id='line_1_19' title="bbox 489 1907 2141 1961; baseline -0.001 -13"><span class='ocrx_word' id='word_1_167' title='bbox 489 1909 612 1949; x_wconf 68' lang='lat' dir='ltr'>leffio</span> <span class='ocrx_word' id='word_1_168' title='bbox 650 1911 691 1949; x_wconf 92' lang='lat' dir='ltr'>in</span> <span class='ocrx_word' id='word_1_169' title='bbox 730 1910 881 1948; x_wconf 84' lang='lat' dir='ltr'>Hamb.</span> <span class='ocrx_word' id='word_1_170' title='bbox 914 1923 937 1947; x_wconf 91' lang='lat' dir='ltr'>a</span> <span class='ocrx_word' id='word_1_171' title='bbox 978 1922 1035 1947; x_wconf 86' lang='lat' dir='ltr'>m.</span> <span class='ocrx_word' id='word_1_172' title='bbox 1069 1910 1146 1948; x_wconf 86' lang='lat' dir='ltr'>sec.</span> <span class='ocrx_word' id='word_1_173' title='bbox 1204 1907 1369 1947; x_wconf 85' lang='lat' dir='ltr'>Habent</span> <span class='ocrx_word' id='word_1_174' title='bbox 1400 1907 1494 1946; x_wconf 86' lang='lat' dir='ltr'>edd.</span> <span class='ocrx_word' id='word_1_175' title='bbox 1525 1916 1586 1955; x_wconf 87' lang='lat' dir='ltr'>ut,</span> <span class='ocrx_word' id='word_1_176' title='bbox 1619 1907 1774 1946; x_wconf 83' lang='lat' dir='ltr'>Cerdae.</span> <span class='ocrx_word' id='word_1_177' title='bbox 1811 1907 2017 1961; x_wconf 89' lang='lat' dir='ltr'>Cuningh.</span> <span class='ocrx_word' id='word_1_178' title='bbox 2093 1910 2141 1947; x_wconf 86' lang='lat' dir='ltr'>In</span> 
     </span>
     <span class='ocr_line' id='line_1_20' title="bbox 496 1971 2145 2027; baseline -0.001 -13"><span class='ocrx_word' id='word_1_179' title='bbox 496 1975 645 2027; x_wconf 78' lang='lat' dir='ltr'>fragm.</span> <span class='ocrx_word' id='word_1_180' title='bbox 657 1975 789 2014; x_wconf 84' lang='lat' dir='ltr'>Vatic.</span> <span class='ocrx_word' id='word_1_181' title='bbox 803 1983 911 2013; x_wconf 81' lang='lat' dir='ltr'>totus</span> <span class='ocrx_word' id='word_1_182' title='bbox 921 1973 1029 2012; x_wconf 83' lang='lat' dir='ltr'>locus</span> <span class='ocrx_word' id='word_1_183' title='bbox 1041 1973 1295 2013; x_wconf 87' lang='lat' dir='ltr'>defideratur.</span> <span class='ocrx_word' id='word_1_184' title='bbox 1351 1974 1432 2011; x_wconf 84' lang='lat' dir='ltr'>Nec</span> <span class='ocrx_word' id='word_1_185' title='bbox 1444 1983 1553 2011; x_wconf 83' lang='lat' dir='ltr'>metus</span> <span class='ocrx_word' id='word_1_186' title='bbox 1569 1971 1725 2011; x_wconf 87' lang='lat' dir='ltr'>Medic.</span> <span class='ocrx_word' id='word_1_187' title='bbox 1744 1971 1866 2011; x_wconf 88' lang='lat' dir='ltr'>Pierii</span> <span class='ocrx_word' id='word_1_188' title='bbox 1886 1986 1978 2013; x_wconf 89' lang='lat' dir='ltr'>cum</span> <span class='ocrx_word' id='word_1_189' title='bbox 1990 1972 2145 2025; x_wconf 86' lang='lat' dir='ltr'>aliquot</span> 
     </span>
     <span class='ocr_line' id='line_1_21' title="bbox 498 2035 2146 2093; baseline -0.002 -15"><span class='ocrx_word' id='word_1_190' title='bbox 498 2039 598 2079; x_wconf 82' lang='lat' dir='ltr'>aliis.</span> <span class='ocrx_word' id='word_1_191' title='bbox 708 2051 802 2089; x_wconf 73' lang='lat'>550,</span> <span class='ocrx_word' id='word_1_192' title='bbox 843 2040 1040 2093; x_wconf 79' lang='lat' dir='ltr'>Arvaque.</span> <span class='ocrx_word' id='word_1_193' title='bbox 1094 2037 1232 2089; x_wconf 84' lang='lat' dir='ltr'>Vulgo</span> <span class='ocrx_word' id='word_1_194' title='bbox 1263 2035 1471 2088; x_wconf 78' lang='lat' dir='ltr'>legebatur</span> <span class='ocrx_word' id='word_1_195' title='bbox 1502 2036 1700 2089; x_wconf 70' lang='lat' dir='ltr'>Armaque.</span> <span class='ocrx_word' id='word_1_196' title='bbox 1757 2035 1896 2075; x_wconf 88' lang='lat' dir='ltr'>Etiam</span> <span class='ocrx_word' id='word_1_197' title='bbox 1926 2036 2034 2076; x_wconf 91' lang='lat' dir='ltr'>hanc</span> <span class='ocrx_word' id='word_1_198' title='bbox 2066 2036 2146 2076; x_wconf 59' lang='lat' dir='ltr'>lec-</span> 
     </span>
     <span class='ocr_line' id='line_1_22' title="bbox 496 2098 2141 2156; baseline 0 -14"><span class='ocrx_word' id='word_1_199' title='bbox 496 2103 651 2143; x_wconf 84' lang='lat' dir='ltr'>tionem</span> <span class='ocrx_word' id='word_1_200' title='bbox 689 2116 855 2156; x_wconf 82' lang='lat' dir='ltr'>pravam</span> <span class='ocrx_word' id='word_1_201' title='bbox 888 2102 963 2141; x_wconf 84' lang='lat' dir='ltr'>esse</span> <span class='ocrx_word' id='word_1_202' title='bbox 1001 2101 1184 2141; x_wconf 80' lang='lat' dir='ltr'>arbitrati</span> <span class='ocrx_word' id='word_1_203' title='bbox 1214 2100 1470 2148; x_wconf 84' lang='lat' dir='ltr'>mutavimus,</span> <span class='ocrx_word' id='word_1_204' title='bbox 1498 2098 1569 2138; x_wconf 76' lang='lat' dir='ltr'>etsi</span> <span class='ocrx_word' id='word_1_205' title='bbox 1588 2113 1612 2138; x_wconf 89' lang='lat' dir='ltr'>a</span> <span class='ocrx_word' id='word_1_206' title='bbox 1632 2099 1785 2148; x_wconf 84' lang='lat' dir='ltr'>Servio,</span> <span class='ocrx_word' id='word_1_207' title='bbox 1817 2101 1920 2140; x_wconf 85' lang='lat' dir='ltr'>cod.</span> <span class='ocrx_word' id='word_1_208' title='bbox 1950 2103 2141 2142; x_wconf 82' lang='lat' dir='ltr'>Romano</span> 
     </span>
     <span class='ocr_line' id='line_1_23' title="bbox 494 2163 2151 2220; baseline 0 -14"><span class='ocrx_word' id='word_1_209' title='bbox 494 2168 660 2219; x_wconf 85' lang='lat' dir='ltr'>aliisque</span> <span class='ocrx_word' id='word_1_210' title='bbox 679 2166 1020 2220; x_wconf 72' lang='lat' dir='ltr'>praestantioribus</span> <span class='ocrx_word' id='word_1_211' title='bbox 1038 2166 1150 2205; x_wconf 89' lang='lat' dir='ltr'>libris</span> <span class='ocrx_word' id='word_1_212' title='bbox 1166 2165 1415 2218; x_wconf 80' lang='lat' dir='ltr'>agnoscatur.</span> <span class='ocrx_word' id='word_1_213' title='bbox 1469 2165 1588 2204; x_wconf 87' lang='lat' dir='ltr'>Arma</span> <span class='ocrx_word' id='word_1_214' title='bbox 1606 2164 1770 2216; x_wconf 81' lang='lat' dir='ltr'>quidem</span> <span class='ocrx_word' id='word_1_215' title='bbox 1798 2163 1910 2204; x_wconf 80' lang='lat' dir='ltr'>aiunt</span> <span class='ocrx_word' id='word_1_216' title='bbox 1929 2166 2151 2207; x_wconf 84' lang='lat' dir='ltr'>memorari</span> 
     </span>
     <span class='ocr_line' id='line_1_24' title="bbox 496 2227 2147 2270; baseline -0.001 0"><span class='ocrx_word' id='word_1_217' title='bbox 496 2231 549 2270; x_wconf 87' lang='lat' dir='ltr'>ad</span> <span class='ocrx_word' id='word_1_218' title='bbox 563 2231 752 2269; x_wconf 88' lang='lat' dir='ltr'>timorem</span> <span class='ocrx_word' id='word_1_219' title='bbox 773 2230 906 2269; x_wconf 87' lang='lat' dir='ltr'>Poenis</span> <span class='ocrx_word' id='word_1_220' title='bbox 924 2229 1214 2270; x_wconf 84' lang='lat' dir='ltr'>incutiendum.</span> <span class='ocrx_word' id='word_1_221' title='bbox 1270 2230 1331 2267; x_wconf 85' lang='lat' dir='ltr'>At</span> <span class='ocrx_word' id='word_1_222' title='bbox 1366 2228 1543 2266; x_wconf 87' lang='lat' dir='ltr'>alienum</span> <span class='ocrx_word' id='word_1_223' title='bbox 1581 2227 1657 2268; x_wconf 88' lang='lat' dir='ltr'>hoc</span> <span class='ocrx_word' id='word_1_224' title='bbox 1688 2242 1711 2266; x_wconf 89' lang='lat' dir='ltr'>a</span> <span class='ocrx_word' id='word_1_225' title='bbox 1729 2237 1818 2267; x_wconf 90' lang='lat' dir='ltr'>toto</span> <span class='ocrx_word' id='word_1_226' title='bbox 1837 2229 2030 2269; x_wconf 86' lang='lat' dir='ltr'>orationis</span> <span class='ocrx_word' id='word_1_227' title='bbox 2049 2243 2147 2269; x_wconf 89' lang='lat' dir='ltr'>con-</span> 
     </span>
     <span class='ocr_line' id='line_1_25' title="bbox 496 2282 2151 2347; baseline 0.001 -14"><span class='ocrx_word' id='word_1_228' title='bbox 496 2294 583 2335; x_wconf 84' lang='lat' dir='ltr'>filio</span> <span class='ocrx_word' id='word_1_229' title='bbox 603 2308 816 2346; x_wconf 87' lang='lat' dir='ltr'>rerumque</span> <span class='ocrx_word' id='word_1_230' title='bbox 830 2294 945 2342; x_wconf 85' lang='lat' dir='ltr'>facie,</span> <span class='ocrx_word' id='word_1_231' title='bbox 972 2295 1180 2347; x_wconf 79' lang='lat' dir='ltr'>potiusque</span> <span class='ocrx_word' id='word_1_232' title='bbox 1201 2293 1250 2332; x_wconf 87' lang='lat' dir='ltr'>ad</span> <span class='ocrx_word' id='word_1_233' title='bbox 1270 2293 1426 2332; x_wconf 84' lang='lat' dir='ltr'>animos</span> <span class='ocrx_word' id='word_1_234' title='bbox 1453 2292 1737 2345; x_wconf 78' lang='lat' dir='ltr'>exasperandos</span> <span class='ocrx_word' id='word_1_235' title='bbox 1759 2282 1965 2334; x_wconf 54' lang='lat' dir='ltr'>idoneum}</span> <span class='ocrx_word' id='word_1_236' title='bbox 1992 2295 2151 2336; x_wconf 88' lang='lat' dir='ltr'>Medic.</span> 
     </span>
     <span class='ocr_line' id='line_1_26' title="bbox 500 2359 2151 2412; baseline 0.001 -13"><span class='ocrx_word' id='word_1_237' title='bbox 500 2373 595 2399; x_wconf 81' lang='lat' dir='ltr'>cum</span> <span class='ocrx_word' id='word_1_238' title='bbox 615 2359 749 2399; x_wconf 83' lang='lat' dir='ltr'>Colot.</span> <span class='ocrx_word' id='word_1_239' title='bbox 808 2359 944 2398; x_wconf 84' lang='lat' dir='ltr'>Urfini</span> <span class='ocrx_word' id='word_1_240' title='bbox 971 2359 1069 2412; x_wconf 87' lang='lat' dir='ltr'>legit</span> <span class='ocrx_word' id='word_1_241' title='bbox 1089 2375 1190 2400; x_wconf 86' lang='lat' dir='ltr'>arva</span> <span class='ocrx_word' id='word_1_242' title='bbox 1200 2377 1213 2403; x_wconf 91' lang='lat'><em>;</em></span> <span class='ocrx_word' id='word_1_243' title='bbox 1246 2369 1286 2398; x_wconf 90' lang='lat' dir='ltr'>et</span> <span class='ocrx_word' id='word_1_244' title='bbox 1307 2359 1384 2397; x_wconf 91' lang='lat' dir='ltr'>hoc</span> <span class='ocrx_word' id='word_1_245' title='bbox 1410 2371 1567 2397; x_wconf 84' lang='lat' dir='ltr'>verum.</span> <span class='ocrx_word' id='word_1_246' title='bbox 1622 2360 1732 2397; x_wconf 89' lang='lat' dir='ltr'>Nam</span> <span class='ocrx_word' id='word_1_247' title='bbox 1761 2373 1809 2398; x_wconf 92' lang='lat' dir='ltr'>eo</span> <span class='ocrx_word' id='word_1_248' title='bbox 1827 2359 1977 2412; x_wconf 66' lang='lat' dir='ltr'>specstat</span> <span class='ocrx_word' id='word_1_249' title='bbox 2006 2361 2151 2404; x_wconf 85' lang='lat' dir='ltr'>oratio,</span> 
     </span>
     <span class='ocr_line' id='line_1_27' title="bbox 498 2422 2152 2479; baseline 0 -13"><span class='ocrx_word' id='word_1_250' title='bbox 498 2435 546 2466; x_wconf 89' lang='lat' dir='ltr'>ut</span> <span class='ocrx_word' id='word_1_251' title='bbox 565 2435 720 2466; x_wconf 88' lang='lat' dir='ltr'>metum</span> <span class='ocrx_word' id='word_1_252' title='bbox 746 2424 990 2479; x_wconf 85' lang='lat' dir='ltr'>intercipiat,</span> <span class='ocrx_word' id='word_1_253' title='bbox 1021 2438 1072 2465; x_wconf 88' lang='lat' dir='ltr'>ne</span> <span class='ocrx_word' id='word_1_254' title='bbox 1104 2425 1146 2465; x_wconf 88' lang='lat' dir='ltr'>in</span> <span class='ocrx_word' id='word_1_255' title='bbox 1165 2424 1228 2464; x_wconf 87' lang='lat' dir='ltr'>his</span> <span class='ocrx_word' id='word_1_256' title='bbox 1259 2424 1378 2464; x_wconf 87' lang='lat' dir='ltr'>terris</span> <span class='ocrx_word' id='word_1_257' title='bbox 1405 2422 1605 2463; x_wconf 73' lang='lat' dir='ltr'>confidere</span> <span class='ocrx_word' id='word_1_258' title='bbox 1633 2423 1738 2463; x_wconf 91' lang='lat' dir='ltr'>velle</span> <span class='ocrx_word' id='word_1_259' title='bbox 1768 2424 1995 2466; x_wconf 77' lang='lat' dir='ltr'>videantur.</span> <span class='ocrx_word' id='word_1_260' title='bbox 2049 2428 2152 2473; x_wconf 57' lang='lat' dir='ltr'>Sung</span> 
     </span>
    </p>
   </div>
   <div class='ocr_carea' id='block_1_10' title="bbox 2102 2488 2149 2531">
    <p class='ocr_par' dir='ltr' id='par_1_10' title="bbox 2102 2488 2149 2531">
     <span class='ocr_line' id='line_1_28' title="bbox 2102 2488 2149 2531; baseline 0.021 -1"><span class='ocrx_word' id='word_1_261' title='bbox 2102 2488 2149 2531; x_wconf 85' lang='lat' dir='ltr'>in</span> 
     </span>
    </p>
   </div>
   <div class='ocr_carea' id='block_1_11' title="bbox 1108 1423 1213 1430">
    <p class='ocr_par' dir='ltr' id='par_1_11' title="bbox 1108 1423 1213 1430">
     <span class='ocr_line' id='line_1_29' title="bbox 1108 1423 1213 1430; baseline 0 0"><span class='ocrx_word' id='word_1_262' title='bbox 1108 1423 1213 1430; x_wconf 95' lang='lat' dir='ltr'> </span> 
     </span>
    </p>
   </div>
   <div class='ocr_carea' id='block_1_12' title="bbox 1790 1420 1895 1429">
    <p class='ocr_par' dir='ltr' id='par_1_12' title="bbox 1790 1420 1895 1429">
     <span class='ocr_line' id='line_1_30' title="bbox 1790 1420 1895 1429; baseline 0 0"><span class='ocrx_word' id='word_1_263' title='bbox 1790 1420 1895 1429; x_wconf 95' lang='lat' dir='ltr'> </span> 
     </span>
    </p>
   </div>
   <div class='ocr_carea' id='block_1_13' title="bbox 602 2063 707 2070">
    <p class='ocr_par' dir='ltr' id='par_1_13' title="bbox 602 2063 707 2070">
     <span class='ocr_line' id='line_1_31' title="bbox 602 2063 707 2070; baseline 0 0"><span class='ocrx_word' id='word_1_264' title='bbox 602 2063 707 2070; x_wconf 95' lang='lat' dir='ltr'> </span> 
     </span>
    </p>
   </div>
   <div class='ocr_carea' id='block_1_14' title="bbox 2316 0 2372 1803">
    <p class='ocr_par' dir='ltr' id='par_1_14' title="bbox 2316 0 2372 1803">
     <span class='ocr_line' id='line_1_32' title="bbox 2316 0 2372 1803; baseline 0 0"><span class='ocrx_word' id='word_1_265' title='bbox 2316 0 2372 1803; x_wconf 95' lang='lat' dir='ltr'> </span> 
     </span>
    </p>
   </div>
   <div class='ocr_carea' id='block_1_15' title="bbox 498 2677 1298 3619">
    <p class='ocr_par' dir='ltr' id='par_1_15' title="bbox 498 2677 1289 3001">
     <span class='ocr_line' id='line_1_33' title="bbox 498 2677 1288 2740; baseline 0 -16"><span class='ocrx_word' id='word_1_266' title='bbox 498 2677 677 2740; x_wconf 78' lang='lat' dir='ltr'>justior,</span> <span class='ocrx_word' id='word_1_267' title='bbox 711 2694 794 2727; x_wconf 91' lang='lat' dir='ltr'>nec</span> <span class='ocrx_word' id='word_1_268' title='bbox 829 2678 972 2740; x_wconf 85' lang='lat' dir='ltr'>major</span> <span class='ocrx_word' id='word_1_269' title='bbox 993 2678 1084 2724; x_wconf 89' lang='lat' dir='ltr'>fuit</span> <span class='ocrx_word' id='word_1_270' title='bbox 1105 2677 1288 2740; x_wconf 89' lang='lat' dir='ltr'>pietate,</span> 
     </span>
     <span class='ocr_line' id='line_1_34' title="bbox 511 2742 1288 2806; baseline 0.001 -19"><span class='ocrx_word' id='word_1_271' title='bbox 511 2742 632 2789; x_wconf 78' lang='lat' dir='ltr'>bello</span> <span class='ocrx_word' id='word_1_272' title='bbox 673 2755 719 2789; x_wconf 82' lang='lat' dir='ltr'>et</span> <span class='ocrx_word' id='word_1_273' title='bbox 777 2742 1288 2806; x_wconf 69' lang='grc' dir='ltr'>3ΥῐΠ15.Ἀμφότεξον,</span> 
     </span>
     <span class='ocr_line' id='line_1_35' title="bbox 507 2808 1286 2871; baseline 0.003 -18"><span class='ocrx_word' id='word_1_274' title='bbox 507 2809 708 2861; x_wconf 76' lang='grc' dir='ltr'>βασιλευς</span> <span class='ocrx_word' id='word_1_275' title='bbox 749 2811 790 2855; x_wconf 78' lang='grc' dir='ltr'>τ’</span> <span class='ocrx_word' id='word_1_276' title='bbox 829 2808 994 2867; x_wconf 60' lang='grc' dir='ltr'><strong><em>ἀγαὲος</em></strong></span> <span class='ocrx_word' id='word_1_277' title='bbox 1025 2809 1221 2871; x_wconf 73' lang='grc' dir='ltr'>κξατεξός</span> <span class='ocrx_word' id='word_1_278' title='bbox 1242 2812 1286 2855; x_wconf 83' lang='grc' dir='ltr'>τ’</span> 
     </span>
     <span class='ocr_line' id='line_1_36' title="bbox 508 2874 1289 2939; baseline 0.001 -21"><span class='ocrx_word' id='word_1_279' title='bbox 508 2874 752 2934; x_wconf 67' lang='grc' dir='ltr'>αἰχμητὴς,</span> <span class='ocrx_word' id='word_1_280' title='bbox 821 2875 880 2920; x_wconf 90' lang='lat' dir='ltr'>de</span> <span class='ocrx_word' id='word_1_281' title='bbox 946 2876 1289 2939; x_wconf 86' lang='lat' dir='ltr'>Agamemnone</span> 
     </span>
     <span class='ocr_line' id='line_1_37' title="bbox 506 2936 850 3001; baseline 0.003 -17"><span class='ocrx_word' id='word_1_282' title='bbox 506 2936 645 2986; x_wconf 86' lang='lat' dir='ltr'>Iliad.</span> <span class='ocrx_word' id='word_1_283' title='bbox 669 2961 717 2998; x_wconf 72' lang='lat'>7,</span> <span class='ocrx_word' id='word_1_284' title='bbox 746 2954 850 3001; x_wconf 84' lang='lat'><strong>179·</strong></span> 
     </span>
    </p>

    <p class='ocr_par' dir='ltr' id='par_1_16' title="bbox 508 3003 1298 3582">
     <span class='ocr_line' id='line_1_38' title="bbox 577 3003 1292 3069; baseline -0.004 -18"><span class='ocrx_word' id='word_1_285' title='bbox 577 3004 687 3069; x_wconf 80' lang='lat'><strong>546.</strong></span> <span class='ocrx_word' id='word_1_286' title='bbox 734 3019 843 3067; x_wconf 78' lang='lat'><strong>547.</strong></span> <span class='ocrx_word' id='word_1_287' title='bbox 904 3003 961 3047; x_wconf 96' lang='lat' dir='ltr'><em>V</em></span> <span class='ocrx_word' id='word_1_288' title='bbox 947 3004 1018 3064; x_wconf 77' lang='lat' dir='ltr'>scz</span> <span class='ocrx_word' id='word_1_289' title='bbox 1057 3022 1172 3051; x_wconf 82' lang='lat' dir='ltr'>aura</span> <span class='ocrx_word' id='word_1_290' title='bbox 1213 3018 1292 3049; x_wconf 86' lang='lat' dir='ltr'>an-</span> 
     </span>
     <span class='ocr_line' id='line_1_39' title="bbox 508 3067 1296 3131; baseline -0.004 -16"><span class='ocrx_word' id='word_1_291' title='bbox 508 3067 691 3131; x_wconf 89' lang='lat' dir='ltr'>tiquum</span> <span class='ocrx_word' id='word_1_292' title='bbox 712 3068 791 3124; x_wconf 87' lang='lat' dir='ltr'>est,</span> <span class='ocrx_word' id='word_1_293' title='bbox 817 3079 863 3114; x_wconf 90' lang='lat' dir='ltr'>et</span> <span class='ocrx_word' id='word_1_294' title='bbox 884 3082 940 3114; x_wconf 88' lang='lat' dir='ltr'>ex</span> <span class='ocrx_word' id='word_1_295' title='bbox 965 3067 1179 3114; x_wconf 88' lang='lat' dir='ltr'>Lucretio</span> <span class='ocrx_word' id='word_1_296' title='bbox 1213 3082 1296 3112; x_wconf 92' lang='lat' dir='ltr'>no-</span> 
     </span>
     <span class='ocr_line' id='line_1_40' title="bbox 511 3130 1296 3196; baseline -0.004 -17"><span class='ocrx_word' id='word_1_297' title='bbox 511 3145 629 3188; x_wconf 87' lang='lat' dir='ltr'>tum,</span> <span class='ocrx_word' id='word_1_298' title='bbox 651 3137 859 3196; x_wconf 86' lang='lat' dir='ltr'>profrui.</span> <span class='ocrx_word' id='word_1_299' title='bbox 937 3132 1104 3179; x_wconf 84' lang='lat' dir='ltr'>occubat</span> <span class='ocrx_word' id='word_1_300' title='bbox 1123 3130 1296 3187; x_wconf 88' lang='lat' dir='ltr'>umbris,</span> 
     </span>
     <span class='ocr_line' id='line_1_41' title="bbox 512 3194 1292 3259; baseline -0.003 -16"><span class='ocrx_word' id='word_1_301' title='bbox 512 3197 730 3259; x_wconf 67' lang='lat' dir='ltr'>exquisite</span> <span class='ocrx_word' id='word_1_302' title='bbox 763 3195 1006 3244; x_wconf 86' lang='lat' dir='ltr'>secundum</span> <span class='ocrx_word' id='word_1_303' title='bbox 1040 3195 1165 3243; x_wconf 85' lang='lat' dir='ltr'>illam</span> <span class='ocrx_word' id='word_1_304' title='bbox 1196 3194 1292 3242; x_wconf 85' lang='lat' dir='ltr'>for-</span> 
     </span>
     <span class='ocr_line' id='line_1_42' title="bbox 513 3258 1295 3317; baseline -0.004 -9"><span class='ocrx_word' id='word_1_305' title='bbox 513 3278 653 3317; x_wconf 86' lang='lat' dir='ltr'>mam,</span> <span class='ocrx_word' id='word_1_306' title='bbox 686 3281 794 3310; x_wconf 83' lang='lat' dir='ltr'>occu.</span> <span class='ocrx_word' id='word_1_307' title='bbox 780 3261 911 3308; x_wconf 77' lang='lat' dir='ltr'>abere</span> <span class='ocrx_word' id='word_1_308' title='bbox 951 3268 1072 3309; x_wconf 86' lang='lat' dir='ltr'>morti</span> <span class='ocrx_word' id='word_1_309' title='bbox 1107 3260 1193 3308; x_wconf 83' lang='lat' dir='ltr'>lib.</span> <span class='ocrx_word' id='word_1_310' title='bbox 1227 3258 1295 3316; x_wconf 89' lang='lat' dir='ltr'>II,</span> 
     </span>
     <span class='ocr_line' id='line_1_43' title="bbox 513 3324 1296 3388; baseline -0.004 -13"><span class='ocrx_word' id='word_1_311' title='bbox 513 3329 594 3375; x_wconf 86' lang='lat'>62.</span> <span class='ocrx_word' id='word_1_312' title='bbox 663 3326 709 3371; x_wconf 90' lang='lat' dir='ltr'><strong>A</strong></span> <span class='ocrx_word' id='word_1_313' title='bbox 761 3325 1013 3388; x_wconf 86' lang='lat' dir='ltr'>tautologia</span> <span class='ocrx_word' id='word_1_314' title='bbox 1048 3326 1129 3374; x_wconf 91' lang='lat' dir='ltr'>hos</span> <span class='ocrx_word' id='word_1_315' title='bbox 1181 3324 1296 3385; x_wconf 80' lang='lat' dir='ltr'>duos</span> 
     </span>
     <span class='ocr_line' id='line_1_44' title="bbox 514 3388 1295 3438; baseline -0.001 -2"><span class='ocrx_word' id='word_1_316' title='bbox 514 3388 663 3436; x_wconf 87' lang='lat' dir='ltr'>versus</span> <span class='ocrx_word' id='word_1_317' title='bbox 674 3389 947 3438; x_wconf 78' lang='lat' dir='ltr'>liberatum&#39;</span> <span class='ocrx_word' id='word_1_318' title='bbox 935 3403 972 3436; x_wconf 91' lang='lat' dir='ltr'>1t</span> <span class='ocrx_word' id='word_1_319' title='bbox 985 3390 1151 3438; x_wconf 86' lang='lat' dir='ltr'>Cerda.</span> <span class='ocrx_word' id='word_1_320' title='bbox 1206 3388 1295 3436; x_wconf 88' lang='lat' dir='ltr'>Sed</span> 
     </span>
     <span class='ocr_line' id='line_1_45' title="bbox 515 3453 1298 3529; baseline -0.003 -27"><span class='ocrx_word' id='word_1_321' title='bbox 515 3455 636 3502; x_wconf 83' lang='lat' dir='ltr'>ratio</span> <span class='ocrx_word' id='word_1_322' title='bbox 667 3453 716 3499; x_wconf 87' lang='lat' dir='ltr'>in</span> <span class='ocrx_word' id='word_1_323' title='bbox 748 3453 836 3501; x_wconf 92' lang='lat' dir='ltr'>hoc</span> <span class='ocrx_word' id='word_1_324' title='bbox 879 3454 1139 3529; x_wconf 88' lang='lat' dir='ltr'>quaerenda,</span> <span class='ocrx_word' id='word_1_325' title='bbox 1172 3453 1298 3518; x_wconf 87' lang='lat' dir='ltr'>quod</span> 
     </span>
     <span class='ocr_line' id='line_1_46' title="bbox 513 3515 1296 3619; baseline -0.001 -51"><span class='ocrx_word' id='word_1_326' title='bbox 513 3532 570 3576; x_wconf 68' lang='lat' dir='ltr'>ea</span> <span class='ocrx_word' id='word_1_327' title='bbox 590 3515 800 3614; x_wconf 80' lang='lat' dir='ltr'>maxime</span> <span class='ocrx_word' id='word_1_328' title='bbox 810 3521 940 3576; x_wconf 82' lang='lat' dir='ltr'>notio</span> <span class='ocrx_word' id='word_1_329' title='bbox 952 3518 1201 3619; x_wconf 74' lang='lat' dir='ltr'>dilucidius</span> <span class='ocrx_word' id='word_1_330' title='bbox 1214 3533 1296 3569; x_wconf 83' lang='lat' dir='ltr'>ex·-</span> 
     </span>
    </p>
   </div>
   <div class='ocr_carea' id='block_1_16' title="bbox 1368 2676 2195 3521">
    <p class='ocr_par' dir='ltr' id='par_1_17' title="bbox 1368 2676 2162 2919">
     <span class='ocr_line' id='line_1_47' title="bbox 1370 2676 2153 2741; baseline -0.001 -17"><span class='ocrx_word' id='word_1_331' title='bbox 1370 2679 1574 2741; x_wconf 86' lang='lat' dir='ltr'>ponitur‚</span> <span class='ocrx_word' id='word_1_332' title='bbox 1596 2694 1695 2741; x_wconf 86' lang='lat' dir='ltr'>quae</span> <span class='ocrx_word' id='word_1_333' title='bbox 1716 2676 1782 2724; x_wconf 89' lang='lat' dir='ltr'>rei</span> <span class='ocrx_word' id='word_1_334' title='bbox 1802 2676 2019 2725; x_wconf 85' lang='lat' dir='ltr'>summam</span> <span class='ocrx_word' id='word_1_335' title='bbox 2042 2694 2153 2725; x_wconf 50' lang='lat' dir='ltr'>conq-</span> 
     </span>
     <span class='ocr_line' id='line_1_48' title="bbox 1368 2741 2155 2798; baseline 0.001 -10"><span class='ocrx_word' id='word_1_336' title='bbox 1368 2742 1503 2798; x_wconf 86' lang='lat' dir='ltr'>tinet,</span> <span class='ocrx_word' id='word_1_337' title='bbox 1524 2756 1568 2789; x_wconf 88' lang='lat' dir='ltr'>et</span> <span class='ocrx_word' id='word_1_338' title='bbox 1590 2743 1669 2789; x_wconf 93' lang='lat' dir='ltr'>cui</span> <span class='ocrx_word' id='word_1_339' title='bbox 1688 2742 1800 2790; x_wconf 89' lang='lat' dir='ltr'>adeo</span> <span class='ocrx_word' id='word_1_340' title='bbox 1821 2741 1998 2789; x_wconf 90' lang='lat' dir='ltr'>animus</span> <span class='ocrx_word' id='word_1_341' title='bbox 2011 2741 2155 2790; x_wconf 50' lang='lat' dir='ltr'>maxi*</span> 
     </span>
     <span class='ocr_line' id='line_1_49' title="bbox 1369 2805 2162 2855; baseline -0.001 0"><span class='ocrx_word' id='word_1_342' title='bbox 1369 2824 1441 2855; x_wconf 90' lang='lat' dir='ltr'>me</span> <span class='ocrx_word' id='word_1_343' title='bbox 1494 2806 1762 2854; x_wconf 89' lang='lat' dir='ltr'>immoratur</span> <span class='ocrx_word' id='word_1_344' title='bbox 1814 2805 1888 2853; x_wconf 89' lang='lat' dir='ltr'>seu</span> <span class='ocrx_word' id='word_1_345' title='bbox 1942 2805 2162 2854; x_wconf 85' lang='lat' dir='ltr'>delibera.-</span> 
     </span>
     <span class='ocr_line' id='line_1_50' title="bbox 1371 2871 2158 2927; baseline 0 -8"><span class='ocrx_word' id='word_1_346' title='bbox 1371 2872 1513 2927; x_wconf 90' lang='lat' dir='ltr'>tione‚</span> <span class='ocrx_word' id='word_1_347' title='bbox 1539 2871 1612 2919; x_wconf 87' lang='lat' dir='ltr'>seu</span> <span class='ocrx_word' id='word_1_348' title='bbox 1638 2871 1779 2919; x_wconf 86' lang='lat' dir='ltr'>animi</span> <span class='ocrx_word' id='word_1_349' title='bbox 1802 2871 1975 2919; x_wconf 60' lang='lat' dir='ltr'>afl‘eeffi.</span> <span class='ocrx_word' id='word_1_350' title='bbox 2005 2871 2067 2919; x_wconf 90' lang='lat' dir='ltr'>cf.</span> <span class='ocrx_word' id='word_1_351' title='bbox 2107 2888 2158 2919; x_wconf 78' lang='lat' dir='ltr'>v.</span> 
     </span>
    </p>

    <p class='ocr_par' dir='ltr' id='par_1_18' title="bbox 1411 2936 2158 3001">
     <span class='ocr_line' id='line_1_51' title="bbox 1411 2936 2158 3001; baseline 0 -19"><span class='ocrx_word' id='word_1_352' title='bbox 1411 2955 1466 3000; x_wconf 84' lang='grc' dir='ltr'>ςς</span> <span class='ocrx_word' id='word_1_353' title='bbox 1500 2948 1544 2983; x_wconf 90' lang='lat' dir='ltr'>et</span> <span class='ocrx_word' id='word_1_354' title='bbox 1570 2941 1676 3001; x_wconf 77' lang='lat'><em>556.</em></span> <span class='ocrx_word' id='word_1_355' title='bbox 1744 2937 1868 2983; x_wconf 89' lang='lat' dir='ltr'>Ante</span> <span class='ocrx_word' id='word_1_356' title='bbox 1895 2936 2050 2986; x_wconf 86' lang='lat' dir='ltr'>oculos</span> <span class='ocrx_word' id='word_1_357' title='bbox 2078 2936 2158 2983; x_wconf 66' lang='lat' dir='ltr'>ha-</span> 
     </span>
    </p>

    <p class='ocr_par' dir='ltr' id='par_1_19' title="bbox 1372 2999 2195 3309">
     <span class='ocr_line' id='line_1_52' title="bbox 1409 2999 2160 3067; baseline 0.001 -20"><span class='ocrx_word' id='word_1_358' title='bbox 1409 3001 1476 3047; x_wconf 90' lang='lat' dir='ltr'>uit</span> <span class='ocrx_word' id='word_1_359' title='bbox 1510 3006 1648 3064; x_wconf 67' lang='lat' dir='ltr'>poeta</span> <span class='ocrx_word' id='word_1_360' title='bbox 1680 2999 1780 3047; x_wconf 86' lang='lat' dir='ltr'>illa·</span> <span class='ocrx_word' id='word_1_361' title='bbox 1821 3003 1862 3047; x_wconf 84' lang='grc' dir='ltr'>Ε’</span> <span class='ocrx_word' id='word_1_362' title='bbox 1852 3022 1927 3049; x_wconf 68' lang='grc' dir='ltr'>πε</span> <span class='ocrx_word' id='word_1_363' title='bbox 1967 3003 2031 3048; x_wconf 74' lang='grc' dir='ltr'>ἔτι</span> <span class='ocrx_word' id='word_1_364' title='bbox 2053 3001 2160 3067; x_wconf 76' lang='grc' dir='ltr'><strong><em>ζώει,</em></strong></span> 
     </span>
     <span class='ocr_line' id='line_1_53' title="bbox 1376 3065 2160 3129; baseline -0.003 -15"><span class='ocrx_word' id='word_1_365' title='bbox 1376 3088 1447 3114; x_wconf 65' lang='grc' dir='ltr'>και</span> <span class='ocrx_word' id='word_1_366' title='bbox 1486 3066 1562 3129; x_wconf 53' lang='lat' dir='ltr'>oglonm</span> <span class='ocrx_word' id='word_1_367' title='bbox 1603 3067 1708 3127; x_wconf 75' lang='grc' dir='ltr'><strong><em>φάος</em></strong></span> <span class='ocrx_word' id='word_1_368' title='bbox 1748 3067 1907 3117; x_wconf 30' lang='grc' dir='ltr'>ἦελιᾝοιο</span> <span class='ocrx_word' id='word_1_369' title='bbox 1947 3067 1982 3116; x_wconf 82' lang='grc' dir='ltr'>εἷ</span> <span class='ocrx_word' id='word_1_370' title='bbox 2009 3065 2048 3112; x_wconf 67' lang='grc' dir='ltr'>δ’</span> <span class='ocrx_word' id='word_1_371' title='bbox 2087 3067 2160 3118; x_wconf 70' lang='grc' dir='ltr'>ἤδη</span> 
     </span>
     <span class='ocr_line' id='line_1_54' title="bbox 1379 3130 2195 3191; baseline 0.002 -13"><span class='ocrx_word' id='word_1_372' title='bbox 1379 3131 1564 3185; x_wconf 54' lang='grc' dir='ltr'>Τεθνῆκε,</span> <span class='ocrx_word' id='word_1_373' title='bbox 1608 3153 1679 3178; x_wconf 64' lang='lat' dir='ltr'>ud!</span> <span class='ocrx_word' id='word_1_374' title='bbox 1714 3153 1766 3178; x_wconf 69' lang='lat' dir='ltr'>ew</span> <span class='ocrx_word' id='word_1_375' title='bbox 1811 3130 1937 3179; x_wconf 65' lang='grc' dir='ltr'><strong><em>αΙδαο</em></strong></span> <span class='ocrx_word' id='word_1_376' title='bbox 1979 3130 2160 3191; x_wconf 53' lang='lat' dir='ltr'>defunct!</span> <span class='ocrx_word' id='word_1_377' title='bbox 2194 3131 2195 3136; x_wconf 21' lang='grc'>1</span> 
     </span>
     <span class='ocr_line' id='line_1_55' title="bbox 1372 3195 2159 3262; baseline 0.001 -17"><span class='ocrx_word' id='word_1_378' title='bbox 1372 3209 1461 3245; x_wconf 85' lang='lat' dir='ltr'>etc.</span> <span class='ocrx_word' id='word_1_379' title='bbox 1516 3195 1614 3244; x_wconf 91' lang='lat' dir='ltr'>Od.</span> <span class='ocrx_word' id='word_1_380' title='bbox 1665 3218 1706 3251; x_wconf 83' lang='lat' dir='ltr'>v,</span> <span class='ocrx_word' id='word_1_381' title='bbox 1775 3210 1888 3262; x_wconf 85' lang='lat'><strong>207.</strong></span> <span class='ocrx_word' id='word_1_382' title='bbox 1975 3198 2022 3256; x_wconf 81' lang='grc' dir='ltr'>ξ,</span> <span class='ocrx_word' id='word_1_383' title='bbox 2092 3213 2159 3262; x_wconf 83' lang='lat'>44</span> 
     </span>
     <span class='ocr_line' id='line_1_56' title="bbox 1377 3261 1504 3309; baseline -0.018 0"><span class='ocrx_word' id='word_1_384' title='bbox 1377 3273 1423 3309; x_wconf 93' lang='lat' dir='ltr'>et</span> <span class='ocrx_word' id='word_1_385' title='bbox 1445 3261 1504 3308; x_wconf 89' lang='lat' dir='ltr'>al.</span> 
     </span>
    </p>

    <p class='ocr_par' dir='ltr' id='par_1_20' title="bbox 1375 3326 2160 3521">
     <span class='ocr_line' id='line_1_57' title="bbox 1439 3326 2159 3391; baseline 0.006 -20"><span class='ocrx_word' id='word_1_386' title='bbox 1439 3342 1503 3391; x_wconf 77' lang='lat'>54</span> <span class='ocrx_word' id='word_1_387' title='bbox 1472 3328 1550 3388; x_wconf 89' lang='lat'>4.8</span> <span class='ocrx_word' id='word_1_388' title='bbox 1602 3326 1697 3373; x_wconf 88' lang='lat' dir='ltr'>Non</span> <span class='ocrx_word' id='word_1_389' title='bbox 1730 3340 1874 3382; x_wconf 85' lang='lat' dir='ltr'>metus,</span> <span class='ocrx_word' id='word_1_390' title='bbox 1911 3343 2002 3374; x_wconf 83' lang='lat' dir='ltr'>ne:</span> <span class='ocrx_word' id='word_1_391' title='bbox 2064 3335 2159 3375; x_wconf 84' lang='lat' dir='ltr'>non&#39;</span> 
     </span>
     <span class='ocr_line' id='line_1_58' title="bbox 1375 3390 2160 3461; baseline 0.005 -25"><span class='ocrx_word' id='word_1_392' title='bbox 1375 3390 1666 3437; x_wconf 85' lang='lat' dir='ltr'>metuendum</span> <span class='ocrx_word' id='word_1_393' title='bbox 1689 3390 1767 3446; x_wconf 89' lang='lat' dir='ltr'>est,</span> <span class='ocrx_word' id='word_1_394' title='bbox 1789 3407 1846 3438; x_wconf 87' lang='lat' dir='ltr'>ne</span> <span class='ocrx_word' id='word_1_395' title='bbox 1865 3403 1911 3440; x_wconf 89' lang='lat' dir='ltr'>te</span> <span class='ocrx_word' id='word_1_396' title='bbox 1940 3390 2160 3461; x_wconf 60' lang='lat' dir='ltr'>poeniteat</span> 
     </span>
     <span class='ocr_line' id='line_1_59' title="bbox 1375 3427 2160 3521; baseline 0.004 -20"><span class='ocrx_word' id='word_1_397' title='bbox 1375 3454 1622 3518; x_wconf 87' lang='lat' dir='ltr'>aliquando</span> <span class='ocrx_word' id='word_1_398' title='bbox 1643 3427 1873 3514; x_wconf 67' lang='lat' dir='ltr'>beneiiciis</span> <span class='ocrx_word' id='word_1_399' title='bbox 1893 3471 1978 3505; x_wconf 86' lang='lat' dir='ltr'>nos</span> <span class='ocrx_word' id='word_1_400' title='bbox 1995 3470 2160 3521; x_wconf 57' lang='lat' dir='ltr'>provo,</span> 
     </span>
    </p>
   </div>
   <div class='ocr_carea' id='block_1_17' title="bbox 1359 3519 1510 3593">
    <p class='ocr_par' dir='ltr' id='par_1_21' title="bbox 1359 3519 1510 3593">
     <span class='ocr_line' id='line_1_60' title="bbox 1359 3519 1510 3593; baseline 0 0"><span class='ocrx_word' id='word_1_401' title='bbox 1359 3519 1510 3593; x_wconf 48' lang='lat' dir='ltr'>fasse,</span> 
     </span>
    </p>
   </div>
   <div class='ocr_carea' id='block_1_18' title="bbox 2041 3599 2160 3655">
    <p class='ocr_par' dir='ltr' id='par_1_22' title="bbox 2041 3599 2160 3655">
     <span class='ocr_line' id='line_1_61' title="bbox 2041 3599 2160 3655; baseline -0.017 0"><span class='ocrx_word' id='word_1_402' title='bbox 2041 3599 2160 3655; x_wconf 76' lang='lat'>5⁵0·</span> 
     </span>
    </p>
   </div>
  </div>
 </body>
</html>
