2294 4030
479 322 644 418 334*
722 313 794 389 P.
871 307 1348 429 vmoim
1420 311 1915 394 Minor-³15

496 493 794 573 Actiaque
817 486 1020 553 Iliacis
1038 487 1410 552 celebramus
1437 483 1613 553 lito'ra
1641 487 1820 556 ludis-

480 609 576 670 Ex
594 620 795 669 ercent
820 607 1041 688 patrias
1071 606 1206 666 oleo
1233 605 1464 666 labente
1491 607 1791 686 palaestras

496 722 728 784 Nudati
755 715 920 781 socii.

1009 718 1189 797 Juvat
1219 716 1449 779 evafiffe
1480 731 1571 779 tot
1596 719 1760 779 urbis

497 835 841 917 ArgolicaS,
859 829 1205 911 mediosque
1237 831 1446 911 fugam
1468 832 1716 892 tenuifl'e
1739 843 1848 913 per
1867 835 2072 898 hostis,

496 953 728 1013 Interea
754 970 1044 1031 magnum
1065 948 1149 1007 sol
1175 947 1671 1008 circumvolvitur
1696 969 1944 1026 annum,

501 1055 586 1130 Et
602 1066 873 1149 glacialis
897 1066 1087 1125 hiems
1108 1061 1490 1143 aquilonibus
1514 1061 1742 1143 asperat
1765 1067 1976 1127 undas·
2036 1074 2111 1131 28
2115 1087 2149 1152 5

549 1234 643 1276 280.
670 1234 837 1286 Acciaque
867 1227 1001 1279 multi,
1036 1229 1160 1270 etiam
1197 1241 1263 1283 ap.
1296 1228 1403 1268 Pier.
1471 1228 1649 1281 Aeaeaque
1675 1228 1771 1271 duo-
1829 1223 2014 1287 Afieiaque
2043 1221 2155 1278 Vols.

494 1300 706 1337 celebrantur
724 1310 794 1337 un.
809 1294 923 1337 Voff.

496 1363 592 1405 282.
627 1362 783 1402 Audaces
792 1361 878 1415 socii
898 1360 1044 1412 Puget.

959 1337 969 1345 x

484 1499 544 1547 tis
572 1499 735 1563 Jovem
774 1497 825 1545 in
860 1509 1008 1562 partes
1042 1506 1274 1543 vocarenn

487 1564 630 1614 Porro
642 1563 921 1627 expiationes
932 1572 979 1608 et
992 1558 1276 1607 lustrationes

484 1630 668 1694 proprie
703 1628 764 1674 ad
800 1627 965 1690 Jovem
1004 1623 1276 1680 referuntur,

484 1694 656 1758 quippe
692 1693 890 1740 ultorem
950 1700 996 1736 et
1040 1687 1275 1736 vindicem

486 1758 624 1806 caedis
644 1754 883 1819 omnisque
917 1752 1113 1819 piaculi,
1147 1754 1275 1816 quod

487 1822 769 1887 expiandum
791 1821 868 1868 est.
893 1819 1021 1867 conf.
1050 1817 1276 1881 Apollonr

488 1888 646 1935 Rhod.
670 1886 764 1941 IV,
787 1885 900 1948 699.
923 1899 1018 1949 700
1039 1882 1108 1947 sq.
1178 1881 1280 1929 Ad-

483 1953 560 2000 dit
585 1950 762 1998 Nodell
794 1949 914 1997 Not.
945 1947 1052 1995 crit.
1118 1982 1131 1994 .
1164 1949 1225 2011 78
1249 1962 1274 1993 e

485 2016 645 2066 Schol.
689 2014 894 2079 AEschyli
949 2012 1009 2059 ad
1120 2026 1275 2058 umen.

485 2099 601 2147 444.
634 2081 798 2143 Jovem
837 2076 984 2142 ipsum
1023 2075 1153 2124 fuisse
1187 2074 1276 2122 lus-

485 2146 642 2210 trandi
673 2144 933 2200 aufiorem3
967 2152 1019 2188 ut
1049 2149 1158 2206 pote
1193 2137 1277 2203 qui

487 2211 698 2259 Ixionem
757 2205 1026 2255 lustraverit.
1111 2203 1276 2253 Piacu-

488 2276 587 2324 lum
621 2275 671 2322 in
715 2271 951 2336 Harpyias
988 2268 1274 2317 commissum

485 2344 616 2405 potes
630 2356 735 2387 cum
753 2337 912 2384 Servio
934 2333 1167 2398 sigillatim
1185 2333 1277 2380 huc

489 2405 682 2452 trahere.
749 2408 859 2450 votis
881 2400 1129 2448 incendimus
1154 2417 1278 2454 aras,

490 2469 644 2524 docte,
688 2484 794 2533 pro,
834 2476 940 2512 vota
981 2463 1032 2510 in
1073 2462 1162 2510 aris
1204 2462 1280 2510 vel

489 2534 749 2599 impositum
786 2533 890 2579 thus
930 2539 976 2575 et
1017 2526 1279 2583 viuimam3

488 2599 594 2656 alii,
624 2604 754 2653 votis,
791 2605 1000 2643 votorum
1022 2592 1274 2656 persolven-

490 2666 654 2711 dorum
673 2661 834 2709 caussa.
907 2656 1033 2703 Nam·
1068 2659 1121 2704 εἷς
1142 2661 1277 2719 εὐχα-

489 2732 623 2791 ςιςίαν
666 2723 860 2774 instituti
903 2721 1022 2775 ludi,
1070 2733 1121 2768 ut
1164 2721 1277 2768 bene

490 2794 647 2842 Cerda
681 2790 907 2842 observat,
948 2786 1054 2832 ideo
1093 2785 1275 2833 subdit:

474 2863 624 2925 juvat
655 2856 830 2919 evafiffi
851 2866 909 2901 tot
930 2851 1048 2898 urbes
1069 2862 1161 2897 etc.
1226 2850 1278 2897 Si

490 2936 645 2972 tamen
685 2934 793 2968 vota
825 2933 907 2980 pro
942 2914 1046 2978 iplis
1083 2913 1283 2963 victimis

490 2986 705 3052 accipias,
720 2986 788 3033 uti
809 2986 938 3038 dona,
960 2978 1175 3028 anteferri
1192 2980 1278 3028 hoc
1309 2980 1311 2982 ’

489 3053 649 3119 potest.

559 3119 672 3166 280.
723 3109 909 3175 Proprie
949 3105 1051 3156 ludi
1093 3106 1276 3157 Actiaci

490 3178 707 3230 celebrari
747 3173 936 3224 dicendi
973 3182 1118 3223 erant.
1186 3171 1278 3221 Sed

490 3243 773 3308 exquisitius,
794 3238 1009 3304 quoniam
1040 3237 1168 3285 locus
1189 3238 1276 3285 ho-

490 3310 668 3369 minum
701 3302 960 3368 frequentia
996 3300 1203 3351 celebrari
1231 3312 1278 3350 et

490 3374 587 3438 ipse
607 3371 801 3425 dicitur,
829 3368 946 3418 littus
965 3368 1136 3415 AHium
1156 3366 1205 3415 h.
1234 3381 1278 3415 e·

491 3437 758 3491 Actiacum,
782 3431 1068 3490 memoravit,
1096 3443 1144 3481 et
1164 3430 1279 3480 ludos

490 3503 643 3553 Iliacos
685 3499 895 3563 Trojano
938 3496 1033 3545 ritu
1081 3495 1276 3545 habitos.

492 3565 725 3626 Videntur
745 3574 895 3623 autem
909 3557 1010 3633 jain
1030 3559 1279 3626 antiquitus

1037 1293 1130 1336 281.
1159 1295 1305 1332 Ιαὸἶεηῖε
1337 1293 1469 1346 Sprot.
1490 1304 1515 1331 a
1542 1305 1604 1345 pr.
1623 1305 1683 1334 m.
1751 1295 1814 1336 At
1831 1308 1879 1338 V.
1905 1297 2157 1341 Banna—44.

1157 1355 1248 1405 284.
1279 1356 1559 1395 circumvertitur
1580 1355 1744 1398 Ztllich.

1358 1493 1460 1542 ludi
1498 1492 1556 1541 a'd
1593 1495 1783 1544 Afflum
1804 1495 2027 1546 celebrati
2049 1499 2156 1555 effe,

1358 1576 1475 1671 {quos
1511 1563 1650 1623 poeta
1686 1562 1928 1610 commode
1970 1563 2020 1610 in
2058 1573 2154 1613 rern'

1382 1640 1483 1671 uam
1542 1623 1697 1673 vertit.
1752 1624 1794 1671 E
1847 1626 2157 1684 Callimacho„

1359 1688 1454 1752 mg?
1495 1685 1700 1746 Ἀγώνων,
1741 1689 2084 1755 Harpocration
2109 1705 2158 1740 et

1358 1752 1519 1801 Suidas
1565 1753 1628 1799 ταὶ
1666 1753 1817 1802 ’'An‘lcoe
1870 1767 2156 1813 memorant;

1355 1817 1432 1866 sed
1472 1833 1526 1863 ea
1559 1818 1655 1865 huc
1688 1816 1864 1867 trahere
1894 1820 1974 1868 vix
1993 1821 2152 1871 aufim.

1358 1881 1611 1930 Succeffere
1630 1883 1916 1932 celeberrimi
1930 1884 2033 1932 ludi
2054 1887 2154 1934 Ac-

1357 1946 1476 2018 tiaci
1501 1945 1560 1992 ab
1597 1947 1673 1995 Au
1710 1949 1825 2006 usto,
1862 1961 1914 1996 ut
1934 1948 2157 2008 diximus,-

1359 2010 1410 2058 in
1432 2009 1639 2058 vic⁶toriae
1709 2012 1868 2061 &iacae
1886 2015 2154 2067 memoriam

1360 2074 1589 2124 instituti:
1618 2075 1677 2123 de
1699 2077 1864 2141 quibus
1886 2081 1930 2126 ir.
1969 2078 2156 2128 Werns-

1358 2139 1488 2189 dorf-
1508 2139 1573 2188 V.
1598 2140 1661 2190 C.
1686 2141 1802 2190 Exc.
1828 2141 1907 2189 IX
1928 2142 1986 2190 ad
2010 2143 2161 2195 Saleii

1358 2204 1472 2252 Baffi
1507 2203 1671 2255 Carme
1703 2208 1757 2254 in
1791 2206 1946 2258 Pisone
1981 2205 2048 2260 T.
2077 2201 2153 2261 N

1423 2339 1482 2383 28
1493 2335 1645 2382 1—-28
1653 2349 1700 2396 3.
1737 2334 1842 2382 Oleo
1860 2333 2047 2394 labente,
2071 2354 2155 2387 ex-

1357 2398 1538 2462 quifite,
1571 2399 1696 2461 quod
1707 2398 1950 2456 dilabitur,
1963 2401 2168 2462 diffluitf
2190 2406 2193 2409 ’

1359 2461 1542 2526 corpori
1573 2461 1762 2511 illitum.
1824 2468 1993 2530 fugam
2033 2482 2152 2518 tenu:

1360 2531 1451 2592 ff,
1488 2538 1538 2574 ut
1560 2526 1647 2575 inf.
1671 2529 1768 2578 686
1804 2535 1964 2590 cussum
1999 2545 2150 2585 tenere-³

1356 2593 1476 2640 Bene
1511 2593 1639 2640 Serv.
1689 2591 1883 2657 filiciter'·
1909 2591 2153 2664 navigasti-3

1358 2672 1493 2720 quem
1515 2654 1638 2702 vide.
2076 2666 2078 2669 ’

1426 2723 1536 2782 284.
1574 2719 1674 2767 Vid
1703 2718 1895 2770 Excurs.
1930 2722 1979 2771 II
1999 2727 2050 2773 de
2067 2741 2150 2774 ani-

1358 2791 1423 2832 nis
1453 2787 1661 2835 Errorum
1681 2786 1847 2835 AEneae
1868 2790 1989 2838 ada.
2006 2805 2053 2840 z.
2078 2791 2155 2841 Sol

1357 2850 1713 2899 circumvolvitur
1733 2869 1982 2909 m..annum,
2004 2856 2058 2903 εἷς
2078 2854 2153 2904 vel

1357 2915 1499 2971 κατὰ,
1539 2914 1599 2961 fic
1633 2925 1685 2961 ut
1703 2931 1849 2962 annus
1871 2916 2147 2981 absolvatur,

1357 2980 1538 3043 peraeto
1556 2994 1708 3027 annuo
1729 2978 1836 3037 solis
1849 2981 1998 3031 cursu.
2030 3004 2147 3054 mag·
2183 3023 2186 3026 .

1358 3063 1459 3091 num
1479 3062 1654 3099 annum,
1671 3042 1819 3108 simpl.
1842 3044 1901 3091 ad
1919 3059 2148 3107 ornatumj

1358 3106 1576 3170 quoniam
1617 3105 1785 3156 multos
1826 3108 1924 3157 dies
1960 3109 2084 3161 intra
2100 3102 2146 3177 se

1358 3171 1591 3227 contine13
1615 3186 1666 3220 ut
1680 3173 1777 3235 jam
1797 3171 1906 3223 alias
1923 3187 2146 3233 notatum.
2179 3224 2181 3228 χ

1360 3234 1423 3291 cf.
1444 3235 1543 3309 sup.
1563 3235 1608 3310 l,
1632 3237 1742 3299 269.
1784 3284 1787 3287 ,
1809 3236 1889 3285 Ad
1918 3255 2053 3294 vanas
2073 3257 2146 3291 ar«.-

1360 3312 1512 3411 gutias
1538 3316 1665 3348 circa
1699 3301 1817 3352 hanc
1837 3317 2001 3353 vocem
2021 3304 2147 3359 del&

1394 3375 1488 3412 itur
1507 3365 1742 3423 Catro'euS,
1762 3365 1875 3414 dum
1893 3367 1953 3415 ad
1974 3384 2145 3423 annum

1358 3427 1674 3478 intercalarem
1694 3428 1822 3484 lustri
1853 3431 2007 3491 refert.
2067 3438 2143 3499 as„

1349 3507 1498 3557 perat,
1518 3493 1766 3560 exasperat,
1788 3498 1945 3560 ἆγςωῒ,
1998 3494 2142 3547 rocels‘
2174 3532 2183 3545 .

1356 3558 1503 3609 larum
1524 3557 1613 3616 ira,
1645 3558 1710 3613 cf.
1728 3558 1882 3622 Cerda
1901 3572 1948 3610 et
2001 3576 2143 3681 urit}3

2045 3641 2073 3679 2

2033 490 2162 571 28&
