2294 4030
604 219 1123 298 AENE1Dos,
1179 221 1376 282 Lm.
1441 220 1548 282 vi.
1769 221 1884 301 763

245 392 380 456 Nec
407 410 547 454 vero
575 388 816 454 Alcides
846 401 1082 448 tantum
1106 387 1330 447 telluris
1363 387 1556 447 obivit
1572 416 1590 457 3

252 506 479 568 Fixerit
499 502 824 587 aer-ipedem
852 521 1091 562 cervam
1111 501 1274 573 licet,
1309 516 1410 560 aut
1447 500 1801 580 Erymanthi

246 619 484 682 Pacarit
512 636 774 688 nemora,
811 629 871 674 et
903 613 1161 673 Lernam
1190 612 1581 678 tremefecerit
1608 633 1768 673 arcu.

247 733 403 804 Nec,
429 730 533 810 qui
561 726 895 809 pampineis
924 724 1471 807 victorjugaflecstit
1499 725 1874 805 habeniS,805

247 844 450 918 Liber,
477 863 654 924 agens
675 840 829 901 celso
849 840 1028 918 Nysae
1066 840 1141 900 de
1171 841 1391 902 vertice
1422 840 1610 920 tigriS.

303 1000 398 1044 802-
424 1002 541 1049 obibat
572 1000 652 1040 duo
684 999 825 1044 Heinss
898 999 1004 1045 obibit
1041 1001 1369 1052 Rom.-—803.
1408 1005 1561 1049 Fixerat
1588 1005 1708 1043 Rom.
1741 1011 1781 1043 et
1812 1001 1882 1042 alii

247 1066 358 1106 Pier.
394 1066 519 1106 etiam
554 1063 738 1106 Carisius.
793 1065 898 1103 Item
937 1063 1061 1105 Goth.
1101 1074 1210 1112 tert„
1252 1065 1371 1107 male.
1439 1067 1609 1121 aenipedes
1641 1067 1880 1120 praeferebat

248 1128 389 1169 Heius.
421 1130 472 1168 ad
501 1128 625 1168 Ovid.
653 1129 729 1180 Ep.
767 1127 808 1175 6,
836 1138 903 1176 32.
942 1138 1008 1174 12,
1027 1139 1094 1180 93.
1146 1140 1253 1182 atque
1280 1131 1328 1168 E.
1352 1131 1587 1169 emendabat
1615 1129 1883 1171 Marklandu·

244 1191 302 1235 ad
321 1193 436 1232 Statii
467 1192 562 1232 silv.
595 1205 693 1244 pag.
723 1189 816 1238 261,
837 1190 947 1230 haud
974 1191 1092 1230 dubie
1116 1200 1157 1230 et
1186 1192 1263 1230 hoc
1293 1191 1407 1240 bene,
1430 1206 1502 1232 nec
1534 1202 1669 1233 tamen
1699 1192 1880 1238 necesse:

247 1256 358 1302 Nam
385 1258 489 1297 mira
511 1256 566 1297 est
598 1257 641 1295 in
673 1255 736 1295 his
762 1259 979 1308 po‘e‘tarum
1011 1255 1195 1304 variatio,
1221 1255 1250 1294 fi
1280 1257 1367 1308 quis
1400 1256 1581 1310 longiore
1607 1258 1679 1298 usu
1709 1259 1759 1298 ad
1790 1259 1879 1298 haec

238 1321 488 1368 ,attenderim
517 1329 557 1360 et
575 1318 774 1358 rationem
793 1317 862 1358 illa
880 1318 1016 1366 habet,
1038 1318 1198 1371 poff-unt
1218 1319 1326 1371 enim
1345 1320 1537 1372 ejusmodi
1564 1323 1884 1367 enumerationes

250 1380 432 1438 pluribus
470 1382 600 1423 modis
629 1381 836 1426 constitui-z
871 1382 1115 1434 sequendum
1152 1392 1287 1422 autem
1323 1389 1458 1436 po‘etae
1491 1385 1545 1424 est
1579 1385 1694 1435 illud,
1723 1387 1830 1438 quod
1856 1401 1881 1433 a

157 1452 161 1454 '
243 1448 405 1502 vulgari
425 1461 539 1487 more
565 1447 727 1489 recedit.
785 1448 877 1500 Jarn
896 1447 1214 1500 autem.vulgare
1234 1447 1327 1487 esset
1358 1460 1563 1503 atque-et.
1620 1454 1677 1491 At
1696 1451 1883 1500 alterum,

247 1513 356 1566 quod
373 1512 482 1552 idem
500 1511 564 1550 vir
582 1511 722 1550 doetus
740 1511 945 1563 proponit,
973 1520 1031 1560 ut,
1056 1511 1086 1551 fi
1103 1524 1170 1551 aut
1188 1512 1420 1561 retineatur,
1447 1527 1540 1554 mox
1559 1515 1682 1554 etiam
1705 1528 1769 1556 aut
1784 1519 1880 1556 Ler-

152 2236 155 2242 ·
235 2229 468 2275 ‚nunquam
537 2210 818 2285 frequentius

232 1584 326 1629 'mayn
361 1577 612 1618 scribendum
653 1575 714 1624 fit,
754 1575 884 1614 multo
922 1577 1054 1616 minus
1086 1578 1235 1630 sequar.

1349 1578 1440 1626 804.
1468 1581 1634 1628 Pacarit,
1673 1581 1781 1632 quod
1816 1594 1881 1621 res

243 1642 441 1697 exigebat,
463 1656 491 1682 .e
515 1640 626 1680 libris
645 1641 751 1680 Pier.
784 1648 824 1679 et
855 1640 933 1679 suis
960 1641 1136 1693 reposuit
1165 1642 1318 1688 Heius„
1347 1655 1467 1694 quem
1486 1642 1590 1682 vide.
1645 1644 1779 1697 Vulgo
1791 1646 1883 1699 pla,-

233 1713 346 1750 aearit.
402 1707 465 1747 ed.
483 1709 584 1748 Ven.
599 1707 779 1760 placaret.
833 1705 955 1746 Rom.
973 1716 1142 1765 pacaret,
1199 1706 1305 1746 Mox
1323 1709 1561 1758 trem-ficerat
1585 1708 1739 1761 aliquot
1766 1710 1875 1753 Pier.

243 1786 336 1814 eum
355 1774 474 1811 Rom.

242 1890 328 1938 mis
348 1889 537 1945 faciant,
559 1900 606 1938 et
626 1887 765 1936 modo
784 1887 917 1935 rebus
938 1887 1017 1936 suo

235 1959 333 2018 jam
372 1966 533 2001 eventu
575 1952 835 2007 manifestis,
879 1953 1018 2000 modo

240 2019 401 2067 animis
418 2018 464 2066 in
491 2019 664 2066 incerto
680 2016 1018 2074 flufluantibus‚

237 2083 555 2151 praedictiones
597 2081 774 2146 egregie
817 2082 1019 2128 inventas

241 2150 292 2196 in
329 2147 531 2195 medium
564 2146 811 2212 proferant.
879 2145 1021 2212 Qod

886 2224 1021 2274 quam

236 2292 270 2324 -a
306 2276 439 2324 bellis
473 2275 581 2324 inde
601 2274 813 2326 civilibus
831 2274 1020 2333 factum,

237 2356 285 2389 ι’.
325 2357 501 2405 argum.
540 2339 644 2387 Eel.
684 2338 774 2386 IV.
840 2339 1016 2386 Adula-

200 2420 202 2422 ·
236 2403 381 2453 tionis
411 2421 552 2470 genus
581 2404 663 2450 isto
700 2414 902 2466 tempore
924 2419 1017 2450 non

234 2467 478 2518 obscurum
500 2480 612 2524 erat,
626 2467 857 2514 vendita-re
873 2467 1017 2531 impe-

238 2533 464 2582 ratoribus
484 2530 702 2580 vaticinia
719 2547 770 2578 ac
787 2531 1018 2605 praesagia,

235 2598 401 2661 quibus
420 2597 521 2662 ipfis
533 2598 627 2661 jam
648 2595 759 2643 olim
777 2596 1019 2659 imperium

233 2673 315 2709 aut
332 2661 514 2726 infignis
530 2661 680 2724 aliqua
698 2659 890 2707 felicitas
908 2659 1018 2707 fuis-

235 2725 303 2774 set
332 2725 514 2774 ostensa.
579 2724 679 2789 Ipse
716 2724 861 2772 bonus
889 2724 1018 2787 Jose-

233 2790 354 2856 phus
420 2788 679 2854 Vespafiani
739 2790 1018 2836 voluntatem

233 2855 321 2911 tali
359 2866 620 2907 commento
655 2853 879 2917 captabat.
967 2852 1017 2899 Si

236 2919 365 2983 quod
405 2918 531 2967 aliud
570 2917 772 2966 melioris
813 2916 1017 2981 philoso-

269 2979 356 3031 hiae
387 2982 557 3032 bonum
590 2981 735 3031 nostra
755 2992 858 3029 aetas
875 2980 1018 3039 videt,

270 3063 327 3096 oc
347 3046 556 3112 inprimis
578 3047 918 3099 memorandum
936 3046 1019 3094 effe

236 3111 455 3170 arbitror,
515 3110 639 3177 quod
683 3108 1017 3158 divinationum

235 3175 434 3224 vanitate
452 3173 635 3225 liberati
659 3173 760 3222 sunt
779 3173 1017 3221 hominum

235 3238 398 3294 animi.

305 3305 574 3354 soz—806.
597 3301 808 3351 Tandem
830 3301 1016 3366 expedi-

235 3367 384 3416 tiones
405 3379 451 3416 et
469 3367 634 3416 itinera
670 3366 868 3430 Augusti
887 3380 1015 3413 com-

230 3442 469 3504 memorat.
507 3449 554 3488 v,
582 3431 680 3497 sup,
715 3431 777 3479 ad
811 3447 859 3483 v.
898 3445 1013 3500 792,

1099 1886 1435 1951 comparatione
1471 1888 1587 1935 facta
1622 1907 1729 1938 cum
1763 1913 1880 1959 vago

1098 1954 1241 2014 (apud
1286 1952 1449 2008 Horat,
1491 1953 1564 1999 III
1602 1955 1697 2001 Od.
1736 1973 1781 2017 3,
1822 1962 1873 2022 9)

1102 2016 1303 2063 Hercule
1332 2027 1377 2062 et
1415 2017 1610 2066 Baccho,
1675 2019 1730 2065 In
1755 2020 1877 2068 Her-

1100 2082 1247 2132 culem
1271 2081 1422 2142 paullo
1442 2080 1641 2144 iniquior
1656 2085 1736 2130 ess'e
1753 2085 1878 2132 vide-

1100 2157 1174 2190 tur
1194 2151 1346 2208 po'eta,
1371 2146 1494 2208 quod
1513 2162 1569 2192 ex
1598 2147 1692 2209 ejus
1713 2150 1877 2197 errori-

1098 2208 1181 2255 bus
1205 2221 1379 2256 tantum
1403 2209 1557 2255 laudat
1576 2227 1670 2269 eos,
1694 2214 1775 2275 qui
1795 2231 1875 2277 per

1099 2272 1346 2319 Arcadiam
1382 2273 1491 2319 facti
1514 2274 1642 2334 sunt3
1681 2278 1875 2342 Augusti

1093 2337 1345 2402 comparati
1382 2338 1650 2400 magnitudo
1686 2356 1740 2387 eo
1775 2343 1876 2406 ipso

1094 2413 1324 2448 attenuata
1375 2402 1457 2448 effe
1499 2402 1695 2452 videtur.
1765 2405 1875 2454 Hce

1095 2465 1218 2516 idem
1241 2466 1375 2513 video
1410 2466 1702 2519 Schraderum
1725 2470 1875 2517 obser-

1097 2532 1212 2577 vaffe
1272 2530 1329 2577 ad
1383 2530 1605 2578 Musaeum
1659 2549 1704 2596 p.
1763 2548 1874 2599 315,-

1100 2595 1327 2658 Ceryzqitis(
1342 2614 1480 2650 ‚cerva
1520 2595 1657 2643 etiam
1675 2604 1677 2607 ’
1699 2597 1875 2646 Graecis

1143 2663 1349 2714 αλκόπες,
1371 2675 1460 2721 qua
1480 2675 1589 2706 voce
1611 2661 1776 2723 pedum
1801 2679 1874 2709 ro-

1135 2741 1186 2770 ur
1217 2737 1263 2770 et
1298 2721 1578 2770 velocitatem
1614 2724 1751 2787 prisci
1789 2726 1873 2772 ho-

1100 2788 1243 2834 mines
1263 2785 1551 2834 declarabant
1560 2807 1576 2846 ,3
1617 2788 1690 2834 sed
1712 2790 1872 2838 melius

1098 2858 1243 2916 poetae
1274 2844 1339 2898 rei
1379 2851 1644 2900 miraculum
1681 2854 1873 2902 retinue-

1100 2929 1221 2963 runt.
1289 2915 1367 2962 Ad
1388 2914 1635 2978 Arcadiam
1652 2915 1730 2963 illa
1745 2917 1868 2981 spec-

1100 2991 1186 3037 tat,
1239 2981 1305 3027 uti
1359 2978 1498 3038 etiarn
1551 2979 1870 3042 Erymanthius

1098 3059 1204 3108 aper
1222 3055 1267 3090 et
1291 3043 1454 3106 Hydra
1475 3041 1674 3108 Legnaea.
1693 3039 1711 3043 „
1742 3046 1871 3104 Fixeq

1099 3117 1155 3156 rit
1172 3108 1292 3155 haud
1326 3106 1465 3154 dubie
1486 3107 1544 3153 ad
1567 3109 1708 3166 telum
1728 3110 1870 3173 perti-

1097 3184 1202 3229 net3
1247 3171 1372 3234 atqui
1406 3170 1564 3230 debuit
1599 3167 1728 3235 „cerva
1764 3173 1870 3229 viva

1098 3248 1229 3299 capta
1250 3236 1347 3282 effe.
1383 3234 1478 3281 vid.
1503 3226 1777 3300 Apouoqdr.
1801 3234 1870 3296 11,·

1096 3317 1145 3365 5,
1166 3316 1190 3361 3
1207 3317 1220 3355 ;
1240 3309 1317 3346 aut
1334 3299 1477 3361 igitur
1491 3298 1626 3346 alium
1647 3298 1873 3370 auctoretas

1095 3364 1304 3427 sequutus
1320 3375 1397 3410 aut
1413 3362 1623 3425 loquutus
1636 3365 1695 3411 est
1710 3360 1866 3431 parum

1092 3440 1318 3491 accurate.
1400 3430 1510 3494 8052
1535 3429 1643 3496 896.
1667 3428 1740 3492 De
1757 3422 1873 3489 Bac-2

1793 3492 1876 3558 chi.
