2372 4030
413 288 916 362 TRACTAT.
968 290 1606 368 INVENTIONE.
1691 324 1888 374 Lxxr·

238 449 515 535 habetur
565 453 850 533 Homeri
891 468 999 534 ille
1047 452 1224 536 loeus
1271 472 1634 543 'notissimus
1689 478 1886 562 Iliad.³

240 591 296 652 T,
341 587 498 679 307.
537 584 664 670 308
700 586 764 658 *‚
813 584 926 650 ubi
968 586 1321 678 Neptunus
1354 590 1475 657 diis
1509 596 1881 674 aud'tor''est,‘

237 682 312 759 αἱ
334 696 627 762 -AEneam
659 719 813 762 curn
848 696 1112 766 Achille
1137 701 1882 791 congreffumimparem

234 813 458 897 pugna.
490 811 789 887 educant,
823 834 906 876 ne
938 810 1077 900 ejus
1098 827 1317 876 'morte
1354 812 1639 879 Dardani
1667 818 1880 906 poste..

181 932 183 935 ’
232 919 386 986 ritas
433 920 711 999 deficiat,
763 948 966 1014 quem
1021 939 1237 989 tamen
1277 926 1526 1014 Jupiter
1571 951 1703 1016 prae
1749 956 1877 998 cae-

235 1017 386 1099 teris
431 1035 648 1100 liberis
709 1034 937 1125 diligat
998 1037 1301 1108 omnibus
1338 1070 1360 1114 3
1425 1056 1487 1104 at
1546 1042 1876 1111 Priamum

234 1170 388 1212 cum
418 1149 724 1238 progenie
756 1150 909 1235 Jovi
943 1175 1116 1216 nunc
1147 1150 1267 1216 effe
1299 1151 1625 1229 invisum3
1662 1157 1878 1247 itaque

230 1261 514 1326 AEneam
548 1259 812 1351 ejusque
842 1263 1128 1353 posteros
1160 1266 1225 1331 T
1230 1287 1462 1354 rojams
1513 1266 1682 1340 effe
1664 1293 1875 1361 impe-

233 1363 530 1441 raturos:

394 1519 507 1571 Νῦν
548 1511 600 1570 δὲ
626 1515 683 1583 δὴ
703 1519 903 1573 Αἳνειόιο
924 1521 1004 1585 βίη
1047 1518 1286 1592 Tydeo-ow
1323 1520 1506 1587 ἀνοίξει,

388 1620 492 1673 Καὶ
522 1621 688 1681 πᾶιδες
710 1619 903 1687 παίδων,
933 1625 1021 1677 τοί
1037 1643 1117 1677 κεν
1139 1622 1409 1690 μετόπισθε
1449 1619 1705 1689 γένωνται.

225 1740 536 1831 Regnum
573 1741 674 1808 his
720 1742 1001 1810 versibus
1054 1746 1284 1810 AEneae
1335 1742 1872 1836 posterorumque

226 1855 364 1943 ejus
392 1855 693 1926 deciarari
720 1855 1135 1925 manifestum
1162 1855 1252 1921 est
1276 1887 1297 1931 3
1327 1855 1428 1920 sed
1455 1882 1589 1946 quo
1622 1838 1689 1922 in
1720 1859 1868 1925 loco

225 1968 388 2034 iliud
437 1967 655 2046 fuerit,
706 1982 937 2066 parum
971 1985 1142 2034 certa
1173 1968 1346 2059 apud
1395 1985 1638 2035 veteres
1691 1969 1866 2037 fama

223 2075 354 2148 fuit'
377 2113 399 2157 3
451 2083 989 2179 quandoquidem
1039 2082 1115 2147 de
1152 2087 1378 2149 AEneae
1425 2083 1741 2149 erroribus
1791 2107 1865 2150 ac

218 2194 475 2262 sedibus
535 2214 671 2263 tam
734 2196 977 2264 diverse
1026 2197 1338 2263 traditum
1398 2214 1527 2262 erat
1547 2198 1630 2284 †‚
1711 2222 1865 2266 cum

217 2313 327 2384 ,alii
359 2336 512 2378 eum
545 2311 943 2378 in-Thraciae
992 2313 1231 2386 littore,
1281 2313 1349 2376 in
1398 2312 1680 2377 Arcadia
1724 2314 1858 2391 alii,

219 2425 330 2491 aiii
361 2426 428 2490 in
467 2425 704 2502 Sicilia,
727 2426 837 2490 alii
872 2427 939 2490 in
974 2426 1179 2500 Italia,
1209 2449 1356 2515 quae
1391 2424 1566 2490 fama
1593 2426 1860 2492 tandem

215 2562 352 2630 prae
399 2538 646 2603 caeteris
695 2536 935 2603 credita
995 2561 1067 2602 ac
1116 2536 1430 2602 celebrata
1476 2535 1586 2613 est,
1639 2538 1858 2604 conse-

217 2648 457 2718 disseet
486 2652 689 2717 vitam
719 2649 948 2717 finiisse
979 2650 1320 2717 narrassent
1349 2677 1365 2717 ε
1403 2649 1651 2715 fuerant
1686 2675 1854 2740 quo-

217 2792 346 2861 que
380 2767 498 2858 qui
529 2768 598 2832 in
629 2764 766 2858 ipsa
814 2765 1074 2832 Troade
1114 2788 1393 2870 regnum
1426 2765 1590 2831 illud
1621 2765 1859 2833 consti-

278 2939 308 2967 *
341 2938 612 3004 Transsatus
633 2935 714 2985 ille
737 2952 794 2984 ac
816 2935 1039 3000 repetitus
1058 2934 1107 2987 in
1139 2935 1204 2987 H
1243 2934 1294 2992 in
1323 2936 1496 2984 Vener.
1522 2952 1629 3001 197.
1660 2941 1767 3004 198,
1801 2951 1853 2991 ut

210 3031 300 3082 pro
320 3009 616 3079 praedifflone
633 3010 830 3062 Veneris
854 3012 913 3060 ad
937 3012 1170 3062 Anchisen
1192 3011 1312 3059 faeta
1335 3012 1474 3059 effet.
1510 3011 1692 3076 copiose
1713 3028 1853 3061 orna-

210 3103 286 3140 tus
308 3106 337 3147 a
359 3089 539 3154 Qinto
556 3089 797 3154 Smyrnaeo
817 3089 964 3143 XIII,
1000 3103 1095 3152 300
1117 3087 1184 3151 sq.
1210 3087 1331 3150 inpr.
1357 3087 1451 3151 336
1469 3086 1556 3150 sq„
1573 3100 1619 3134 et
1642 3102 1669 3134 a
1685 3086 1859 3153 Virgi

207 3165 274 3215 lio
289 3162 535 3230 praeclare
520 3179 572 3214 m
584 3164 824 3228 oraculum
845 3162 1045 3228 Delphis
1061 3163 1220 3210 AEneae
1241 3160 1401 3208 datum
1419 3160 1691 3207 conversus·
1714 3161 1852 3221 Anti-

207 3256 338 3306 quam
359 3258 486 3303 exqul
480 3243 531 3285 ΓΖ
514 3243 576 3286 tte
610 3251 807 3292 matrem·
875 3234 966 3286 Htc
987 3241 1128 3287 domus
1165 3237 1332 3285 AEneae
1369 3239 1528 3283 canals
1561 3234 1850 3284 dominabitur

204 3321 296 3370 pri-s
327 3317 395 3364 Et·
423 3319 522 3362 nati
504 3327 734 3382 znatoruqt
754 3328 797 3367 et
817 3319 893 3382 qui
914 3316 1136 3378 nastentur
1169 3311 1229 3362 ab
1255 3311 1346 3370 illis
1381 3311 1479 3365 ΙΙΙ,
1506 3312 1716 3377 96—98.
1786 3311 1849 3368 Et
1932 3361 1933 3364 ,

203 3391 315 3444 hinc
331 3390 486 3439 versus
501 3389 571 3437 illi
587 3389 889 3455 pulcherrimi
909 3388 993 3437 lib.
1015 3389 1106 3445 IX,
1140 3391 1398 3455 446--449
1421 3385 1630 3451 expreffi.

271 3466 304 3520 -Ι-
335 3465 451 3521 Vids
475 3463 535 3516 ad
554 3465 668 3529 [ΕΩ.
691 3464 772 3529 ΙΙΙ
794 3463 836 3514 F
839 3461 993 3520 xcurs
1009 3462 1053 3515 Ι.

198 3565 206 3573 ·
1523 3607 1526 3611 .
1629 3540 1844 3594 tutum
