2294 4030
612 310 763 403 AD.
837 311 1310 385 LIBRUM
1377 314 1494 391 VL'
1751 325 1864 402 807

217 487 294 537 tur
314 488 362 533 et
380 479 645 533 eximantur
671 497 782 546 739.
819 498 916 547 740
956 487 1130 548 (neque
1153 484 1278 533 enim
1299 485 1424 550 parti
1442 476 1658 535 rationali
1676 484 1864 550 plenam

216 569 267 609 et
282 559 538 624 ,perfestam
560 559 832 607 felicitatem
855 560 1128 626 contingere
1152 563 1271 625 posse
1295 562 1542 618 videbant,
1571 560 1653 611 nisi
1691 562 1751 611 ab
1769 561 1863 611 istie

220 633 393 682 morbis
415 649 470 698 ac
494 632 618 682 vitiis
641 632 876 682 liberatae:
927 633 994 682 ef.
1037 633 1257 693 Brueker.
1282 635 1348 683 T.
1374 635 1416 690 Ι,
1459 653 1512 700 p.
1549 636 1862 701 713—719).

215 705 296 754 Fit
307 712 515 772 purgatio
535 712 654 762 ak're,
686 719 822 772 aqua,
854 711 947 771 igni
969 724 1017 755 v.
1045 724 1154 772 740.
1191 725 1301 773 741.
1335 725 1431 774 742
1467 721 1515 758 et
1550 709 1618 758 ibi
1654 726 1704 757 v.
1741 710 1861 758 Not.

223 782 333 844 (nec
347 780 508 832 definit
522 787 690 848 poeta,
722 798 814 846 qua
841 782 889 830 in
917 783 1168 832 inferorum
1193 795 1346 848 parte.
1414 784 1603 833 Scilicet
1636 783 1675 832 is
1710 785 1869 832 Hader

219 856 300 911 est,
332 857 573 923 AEgyptiis
587 855 687 920 jam
710 857 820 905 olim
844 858 1088 913 Amenthes‚
1125 876 1174 907 v.
1199 860 1431 909 Plutarch.
1456 860 1515 908 de
1553 859 1613 908 Is.
1655 869 1704 907 et
1737 859 1860 908 Ofir.

216 943 267 993 p·-
290 931 383 995 362
404 932 495 988 D.,
515 931 607 980 'ubi
635 931 975 994 interpretatio,
1015 934 1103 998 effe
1135 950 1240 982 eum
1258 936 1322 983 τὸν
1351 938 1544 990 λαβόντα
1581 935 1656 983 καὶ
1678 934 1861 990 διδόντι»,

221 1005 465 1056 referenda
490 1006 674 1056 videtur
699 1006 758 1054 ad
780 1006 1040 1057 descensum
1065 1005 1322 1058 animarum
1361 1022 1410 1059 et
1432 1010 1631 1059 reditu-m
1667 1009 1716 1057 in
1738 1025 1863 1059 nova

216 1082 462 1146 corpora).
530 1078 743 1144 Purgatio
758 1093 887 1145 porro
903 1081 1127 1143 subeunda
1146 1089 1204 1146 est
1225 1084 1413 1133 omnibus
1449 1102 1498 1132 v-.
1535 1101 1646 1149 743.
1713 1084 1861 1139 Nam,

214 1155 274 1205 de
298 1158 511 1212 heroum,
545 1156 939 1222 philosophorum,
973 1169 1022 1206 et
1057 1158 1286 1207 bonorum
1323 1160 1557 1208 animabus
1590 1177 1690 1223 quae
1725 1159 1862 1207 Plato

206 1233 366 1287 addit,
397 1234 540 1298 poeta
563 1244 704 1287 tacet,
738 1249 824 1280 nee
843 1231 1022 1295 adjicit,
1057 1233 1168 1299 quid
1190 1234 1248 1282 de
1264 1235 1321 1282 iis
1342 1236 1436 1290 fiat,
1469 1234 1634 1299 quibus
1650 1247 1743 1282 tam
1768 1234 1863 1282 alte

214 1307 339 1357 labes
362 1308 444 1357 ista
465 1308 647 1362 inficiet,
682 1319 732 1355 ut
743 1308 837 1355 elui
855 1319 1074 1373 nequeat,
1107 1310 1185 1373 qui
1208 1321 1359 1358 tamen
1383 1310 1536 1374 plures
1559 1326 1752 1357 numero
1775 1310 1863 1357 effe

214 1384 387 1433 debent
401 1402 427 1441 ;7
441 1384 610 1434 seilicet
623 1384 671 1431 hi
683 1381 782 1446 jam
799 1396 907 1432 ante
921 1384 969 1432 in
983 1386 1239 1434 Tartarum
1255 1398 1386 1434 erant
1402 1386 1585 1434 detrufi.
1612 1386 1718 1434 Hoc
1729 1401 1860 1439 vero,

215 1460 250 1508 fi
271 1461 414 1509 modo
432 1469 460 1508 a
481 1462 623 1525 poe'ta
645 1460 725 1514 est,
761 1460 921 1508 addit:
957 1477 984 1508 a
1017 1458 1299 1510 craffioribus
1322 1462 1527 1510 sordibus
1562 1461 1766 1515 liberati,
1799 1462 1860 1509 ad

215 1533 421 1599 Elyfium
433 1534 697 1589 mittuntur,
731 1533 806 1582 sed
818 1539 969 1598 pauci,
1002 1534 1039 1582 ii
1061 1534 1253 1590 scilicet,
1288 1536 1452 1600 quibus
1476 1533 1616 1583 inusta
1634 1534 1750 1583 vitia
1768 1536 1860 1584 elui

214 1611 411 1675 poss‘unt,
444 1628 488 1658 eo
496 1614 783 1673 perveniunt.
853 1625 965 1674 743.
993 1625 1107 1673 744.
1142 1610 1399 1673 Absolvitur
1415 1611 1500 1665 hic,
1525 1610 1557 1657 fi
1576 1612 1727 1674 poe‘tae
1751 1626 1861 1657 vera

132 1680 134 1685 X
212 1683 282 1732 sus
304 1684 494 1738 bisunt,
520 1689 748 1747 purgatio,
782 1688 1016 1749 animaeque
1055 1689 1102 1731 in
1126 1689 1353 1750 pristinam
1385 1690 1619 1749 puritatem
1658 1685 1861 1733 aethereae

205 1766 384 1808 ‘'naturae
421 1763 714 1823 rastituuntnr.
803 1776 922 1824 745.
963 1759 1075 1823 746.
1117 1777 1230 1824 747,
1267 1762 1363 1824 Ριψ
1414 1759 1528 1807 mille
1565 1779 1696 1806 annos
1742 1763 1858 1823 (non

211 1835 445 1903 definitur,
478 1833 839 1899 purgationisne,
873 1850 952 1890 an,
985 1851 1041 1882 ea
1057 1838 1260 1900 peraeta,
1294 1835 1420 1883 mille
1444 1835 1571 1882 annis
1594 1835 1717 1882 inter
1739 1835 1857 1897 Ely-

213 1909 263 1958 fii
285 1909 476 1960 delicias
501 1908 693 1971 exaffis)
723 1909 948 1958 animabus
968 1910 1035 1958 his
1057 1910 1239 1960 omnibus
1269 1912 1410 1975 (748)
1438 1931 1556 1959 nova
1578 1923 1749 1974 corpora
1749 1913 1859 1972 stent

209 1984 523 2047 ingredienda3
564 1987 675 2050 quod
690 1997 920 2048 antequam.
939 1986 1054 2048 fiat,
1090 1986 1221 2034 Lethe
1253 1985 1436 2033 bibenda
1471 1989 1542 2048 est,
1578 1987 1796 2049 748·—75
1811 2000 1856 2036 1,

205 2057 290 2123 ‘qui
316 2059 463 2107 amnis
487 2058 629 2121 Elysii
666 2059 777 2105 fines
822 2058 1159 2122 praeterlabitur
1190 2061 1360 2125 (703).
1429 2061 1549 2108 Illud
1582 2059 1728 2124 igitur
1762 2076 1855 2108 non

211 2132 417 2181 declarat
438 2135 598 2197 poeta,
633 2132 682 2187 fi,
715 2134 814 2198 post
835 2132 1035 2181 reditum
1059 2134 1179 2181 hunc
1197 2129 1247 2181 in
1270 2151 1483 2198 corpora,
1516 2135 1683 2182 iterum
1710 2132 1759 2180 in
1783 2134 1855 2180 in—

27 2201 34 2219 *
115 2211 121 2215 '
209 2215 306 2263 fera
339 2209 445 2256 loca
473 2207 810 2262 descenderint,
843 2197 1105 2273 iterumsslue
1141 2222 1353 2274 purgatae
1384 2210 1572 2264 fuerint,
1617 2209 1857 2271 semperne

208 2279 335 2334 idem
353 2301 506 2332 rerum
535 2282 681 2338 orbi5‚
714 2283 889 2332 eaedem
911 2284 1037 2333 vices
1071 2285 1310 2333 subeundae
1333 2286 1434 2340 lint,
1469 2302 1545 2339 an,
1580 2283 1705 2348 quod
1730 2300 1855 2332 com-

208 2376 349 2409 mune
371 2359 460 2408 fuit
484 2356 667 2406 Platoni
688 2361 759 2412 (v.
782 2358 904 2423 inpr.
924 2360 1186 2416 Timaeum3
1224 2373 1318 2407 tum
1352 2360 1399 2407 in
1416 2360 1610 2408 Phaedro
1631 2377 1679 2423 p.
1713 2374 1855 2408 1222b

121 2480 124 2483 Α
209 2435 426 2484 Phaedon.
446 2450 495 2499 p.
520 2438 585 2497 84
601 2435 666 2483 D.
690 2434 749 2482 de
772 2436 894 2499 Rep.
912 2452 965 2499 p.
984 2435 1072 2499 761
1098 2436 1166 2484 D.
1193 2432 1274 2497 E.)
1298 2453 1404 2484 cum
1426 2436 1667 2499 AEgyptiis
1691 2447 1738 2482 et
1764 2436 1854 2498 Py-

209 2512 445 2578 thagoreis
457 2510 712 2575 placitum,
746 2511 827 2560 etfi
851 2511 988 2559 variis
1011 2513 1160 2560 modis
1188 2513 1344 2577 paffim
1367 2512 1652 2566 illustratum,
1687 2511 1853 2559 animae

206 2589 296 2640 illae
313 2589 418 2652 ,post
439 2585 548 2634 satis
570 2584 734 2634 multas
759 2582 1060 2651 migrationes
1094 2587 1141 2635 in
1164 2601 1379 2652 corpora,
1413 2599 1459 2634 et
1497 2587 1715 2650 repetitas
1738 2601 1851 2650 pur-

208 2662 441 2729 gationes,
473 2659 660 2709 tandem
682 2659 751 2708 ita
771 2661 898 2708 omni
915 2660 1017 2708 labe
1042 2661 1232 2708 abstersa
1250 2660 1442 2715 niteant,
1477 2674 1527 2708 ut
1562 2659 1731 2710 divinae
1765 2675 1851 2706 na-

203 2750 319 2786 turae
337 2737 508 2786 iterum
531 2735 855 2794 affimulentur,
889 2736 936 2783 in
958 2737 1079 2785 hane
1101 2738 1422 2792 revolvantur,
1450 2748 1548 2790 aut,
1583 2749 1632 2783 ut
1666 2735 1745 2783 alii
1767 2751 1847 2783 exa

205 2811 433 2878 primunt,
465 2809 514 2858 in
532 2809 695 2865 solem,
728 2809 774 2857 in
800 2810 963 2864 fider-a,
995 2810 1043 2858 in
1082 2812 1262 2866 caelum,
1301 2812 1347 2859 in
1369 2812 1553 2860 beatam
1575 2811 1727 2859 sedem
1750 2822 1849 2859 tra-—

205 2886 452 2939 ducantur,
485 2884 535 2931 h.
559 2900 602 2932 e.
627 2884 687 2932 ad
703 2884 904 2933 animam
927 2886 1082 2934 mundi
1105 2898 1373 2949 cognatam,
1409 2899 1644 2952 tamquam
1663 2887 1720 2934 ad
1743 2885 1846 2935 fon-

205 2974 303 3010 tem
334 2959 482 3014 saum,
530 2958 737 3007 redeant.
806 2960 912 3007 Hoc
944 2959 1068 3007 idem
1110 2960 1333 3009 Pindarus
1378 2961 1499 3009 dixit
1545 2963 1738 3025 Olymp.
1774 2962 1848 3014 ΙΙ,

214 3051 301 3097 123
319 3035 444 3099 fqsp,
479 3033 577 3098 post
614 3032 757 3083 trinas
800 3033 1102 3098 migrationes
1140 3043 1266 3089 eum,
1302 3034 1380 3098 qui
1414 3034 1529 3096 juste
1571 3031 1764 3088 vixerit,
1794 3033 1846 3081 in

182 3110 414 3176 ‘Elyfiurn
433 3108 682 3174 pervenire
698 3127 712 3165 ;
747 3121 846 3163 aut,
882 3110 1002 3157 utin
1027 3109 1290 3172 fragmento
1312 3126 1386 3173 ap.
1421 3111 1537 3157 Plat.
1563 3110 1607 3157 in
1635 3111 1845 3157 Menone

206 3187 274 3236 T.
297 3187 372 3240 II,
404 3201 454 3250 p.
481 3188 535 3233 81
566 3187 696 3249 Opp.
714 3186 796 3239 est,
848 3184 970 3234 inter
1002 3186 1165 3234 heroes
1189 3185 1382 3240 refer-1⁴33
1431 3181 1557 3248 quod
1578 3184 1706 3232 idem
1729 3185 1845 3232 Em-

205 3259 421 3325 pedocles
455 3259 670 3324 sequutus
704 3271 823 3315 erat,
858 3273 907 3308 ut
934 3277 992 3308 ex
1033 3261 1129 3322 ejus
1159 3260 1421 3325 fragmento
1453 3259 1729 3325 intelligitur
1765 3273 1846 3324 apo

206 3335 438 3384 Clement.
467 3333 603 3382 Alex.
631 3334 807 3382 Strom.
831 3334 921 3388 IV,
953 3350 1005 3398 p.
1029 3334 1122 3398 633
1153 3336 1310 3382 Oxon.

269 3411 452 3460 Totum
473 3409 595 3458 hunc
617 3409 772 3459 locum
793 3425 887 3458 non
908 3422 1004 3457 tam
1022 3426 1079 3457 ex
1104 3408 1383 3474 philosophis
1401 3427 1540 3474 quam
1558 3426 1616 3458 ex
1633 3407 1846 3473 vulgari-
1876 3452 1884 3455 ,

203 3487 292 3543 bns
314 3485 606 3553 opinionibus
626 3487 715 3536 effe
750 3485 1094 3543 concinnatum,
1128 3482 1436 3536 contendebat
1466 3476 1749 3535 Mossxemius
1783 3484 1844 3534 ad

958 3578 982 3625 3
1005 3560 1044 3608 E
1083 3577 1110 3609 2
1568 3559 1844 3612 Cudworth.
