2294 4030
470 358 600 427 ὥς,
863 351 921 412 E
947 318 1092 413 xie
1120 350 1186 411 U
1215 349 1272 411 R
1302 349 1343 409 s
1369 349 1434 410 U
1462 348 1502 410 s
1566 340 1698 413 xx

467 518 717 571 ‚Homerus
741 523 1100 575 memoraverat.
1167 518 1276 567 Nec
1300 517 1495 581 Cynthus
1528 516 1690 582 inepte
1730 515 2013 571 nominatur,
2048 525 2124 568 περ

474 592 721 666 pote'Deli
748 595 904 643 insulae
924 602 1073 645 mons.
1143 594 1354 658 Magnus
1384 592 1603 640 numerus
1635 591 1972 658 Nympharum
2006 591 2126 639 bene

474 669 765 721 declarat-ur:
800 686 927 735 quam
950 669 1065 718 mille
1070 670 1270 732 stquutae
1302 668 1363 714 0.
1386 666 1490 714 hinc
1523 681 1652 731 atque
1684 668 1786 717 hinc
1809 666 2126 731 glomerantur,

474 745 807 810 Nympharum
830 745 1105 794 comitatum
1123 744 1353 792 Latonam
1378 741 1749 791 circumstantem
1771 743 1967 807 pulchre
1983 740 2128 789 etiam

475 821 701 885 Apollon.
725 823 940 885 expreffit
975 821 1023 869 in
1044 821 1152 868 loco
1171 817 1341 884 infigni
1362 830 1411 866 et
1432 831 1541 866 cum
1563 819 1654 866 hoc
1678 817 1992 882 comparando
2027 818 2105 865 III
2110 851 2128 878 ,

468 899 570 962 ⁴875
595 896 727 960 sqq.:
762 896 939 944 incedit
972 895 1041 943 ibi
1062 894 1218 943 Diana
1241 910 1380 949 curru
1404 894 1535 941 vecta
1570 893 1907 958 Nympharum
1927 892 2130 942 comita—

466 983 529 1020 ²tu
566 971 747 1036 stipata,
781 971 909 1020 sacro
944 971 1237 1019 interfutura.
1309 969 1421 1017 Alio
1452 969 1651 1022 ‘invento
1691 966 1977 1017 Penthefilea
2006 967 2132 1016 inter

478 1047 749 1094 Amazones
791 1047 996 1095 eminens
1041 1062 1146 1093 cum
1196 1045 1331 1096 Luna
1371 1043 1492 1092 inter
1531 1043 1678 1091 fidera
1716 1054 1765 1091 et
1802 1059 1910 1092 cum
1945 1042 2132 1091 Aurora

474 1133 776 1186 comparatur
809 1139 836 1169 a
866 1121 1046 1185 Qint‘o
1076 1122 1314 1182 Smyrnaeo
1339 1120 1381 1173 Ι,
1411 1119 1470 1183 36
1495 1119 1616 1183 sqq„
1652 1118 1782 1182 quod
1804 1117 2016 1181 proxime
2049 1134 2130 1169 aeq

477 1196 607 1245 cedit
651 1197 710 1244 ad
754 1196 869 1244 illud
910 1196 1253 1244 Horatianum:
1288 1193 1412 1241 velut
1457 1199 1571 1241 inter
1611 1198 1729 1257 ignes
1775 1194 1900 1241 Luna
1937 1197 2132 1242 minores.

477 1271 623 1336 Qod
650 1272 909 1342 pharetram
931 1277 1035 1335 fert
1074 1271 1240 1317 humero
1275 1267 1450 1323 Diana,
1486 1268 1680 1316 otiosum
1726 1271 2032 1333 (quamquam
2056 1270 2135 1317 vel

475 1346 539 1393 fic
579 1345 798 1409 politum,
852 1356 1040 1393 ornaret
1077 1355 1268 1399 tamen3
1314 1360 1422 1391 cum
1461 1341 1552 1390 dea
1600 1343 1653 1391 fit
1699 1343 1920 1407 ἲοχέαιςα)
1972 1344 2136 1393 haberi

477 1419 658 1483 nequit,
714 1419 936 1483 fiquidem
976 1420 1225 1484 Nymphas
1253 1421 1540 1480 supereminet
1583 1437 1755 1467 omnes.-
1809 1419 2135 1484 conspicuique

477 1492 597 1541 adeo
631 1492 733 1541 sunt
771 1493 952 1541 humeri
986 1493 1101 1540 deae.
1172 1494 1280 1556 Jam
1324 1492 1413 1541 hoc
1447 1493 1636 1558 quidem
1677 1494 1881 1543 ornatius
1927 1495 2136 1544 extulisse

476 1568 762 1623 Homerum,
815 1567 979 1633 negari
1037 1566 1230 1630 nequit:
1285 1569 1473 1615 Πασαὲὼν
1528 1566 1562 1613 δ’
1611 1568 1712 1632 ὕπες
1762 1573 1836 1629 ἥγε
1889 1571 1998 1632 migra
2042 1573 2136 1634 ἔχει

477 1644 545 1695 ὧδὲ
580 1647 784 1702 μέτωπα,
814 1643 928 1690 ‘perd
969 1643 1015 1689 τ’
1048 1645 1256 1705 ἀςιτγνώτη
1297 1646 1495 1697 πέλεται,
1535 1643 1669 1690 καλαὶ
1706 1643 1746 1690 δέ
1788 1665 1835 1692 τε
1871 1652 2030 1693 πᾶσαι.
2082 1645 2134 1694 in

477 1719 648 1783 quibus
683 1718 895 1783 inprimis
933 1717 1170 1766 noviffima
1208 1716 1353 1764 verba
1390 1715 1613 1781 praeclare
1651 1717 1773 1766 dieta
1806 1718 1922 1767 sunt.
1990 1720 2138 1768 Reae

467 1793 639 1859 itaque
674 1793 733 1841 ab
768 1793 837 1841 his
877 1793 1092 1841 abstinuit
1122 1794 1261 1857 poe'ta
1284 1794 1542 1841 Romanus.
1610 1795 1666 1843 In
1691 1793 1824 1842 versu
1847 1805 2004 1844 autem
2039 1812 2135 1861 502ι

479 1887 590 1919 cum
611 1870 825 1918 Homero
861 1869 1049 1917 certafl‘e
1087 1867 1240 1916 videri
1275 1868 1455 1931 potest:
1494 1867 1623 1931 cujus
1661 1869 1815 1930 γέγηθε
1851 1869 1893 1918 δέ
1928 1891 1976 1919 τε
2011 1874 2139 1935 φςέναι

480 1949 609 1998 Λητὼ
645 1945 880 1994 reddidit:
916 1946 1097 1993 Latonae
1128 1948 1307 1992 tacitum
1336 1956 1591 2007 pertentant
1607 1947 1781 2008 gaudia
1794 1953 1975 2009 pellas:
2012 1947 2139 2012 quod

467 2025 610 2073 -enim
642 2024 879 2072 Homerus
918 2022 967 2070 in
1008 2021 1164 2071 medio
1208 2021 1540 2078 collocaverat,
1573 2020 1669 2086 ipse
1701 2022 1752 2070 in
1795 2023 1886 2072 fine
1924 2023 2138 2088 subjecit.

483 2102 564 2152 Est
602 2101 746 2149 etiam
784 2101 874 2149 hoc
917 2099 968 2148 in
1006 2098 1202 2148 artificio
1249 2114 1529 2164 magnorum
1565 2102 1831 2164 poetarum,
1867 2111 1918 2150 ut
1953 2100 2003 2149 in
2048 2102 2141 2150 fine

484 2176 848 2241 comparationis
888 2174 1111 2238 adjiciant
1148 2173 1412 2238 adjunctum
1447 2177 1522 2225 'vel
1560 2176 1731 2227 faftum
1768 2176 1978 2243 aliquod,
2013 2177 2141 2244 quod

484 2252 614 2301 illam
655 2251 911 2307 notionem,
946 2251 1004 2299 ad
1044 2267 1184 2316 quam
1220 2250 1531 2300 illustrandam
1571 2262 1671 2301 tota
1710 2253 2002 2319 comparatio
2041 2265 2146 2303 erat

484 2328 708 2383 instituta,
758 2327 968 2391 inprimis
1014 2327 1170 2375 animo
1214 2326 1442 2375 audientis
1482 2327 1651 2393 infigit.
1757 2332 1794 2378 F
1798 2329 1981 2381 eliciter
2025 2329 2142 2380 illud

483 2405 720 2455 interdum
744 2403 802 2451 ab
829 2404 1022 2452 aliorum
1056 2403 1180 2452 sensu
1213 2415 1260 2451 et
1282 2403 1502 2467 opinione
1525 2403 1727 2463 ducitur,
1761 2421 1841 2456 aut
1863 2423 1891 2455 a
1913 2406 1980 2463 vi,
1998 2423 2141 2472 quam

472 2497 561 2529 ‘res
598 2481 658 2528 ad
697 2496 858 2528 eorum
891 2479 1070 2527 animos
1106 2491 1155 2527 et
1193 2481 1380 2528 affectus
1419 2479 1576 2529 habet.
1645 2483 1722 2530 Ita
1753 2483 1804 2533 h.
1843 2484 1878 2532 l.
1918 2483 2142 2547 praeclara

488 2554 660 2607 Dianae
697 2556 870 2621 species
904 2556 1098 2604 mirifice
1137 2555 1399 2606 declaratur
1429 2558 1624 2606 Latonae
1662 2559 1824 2608 matris
1859 2558 2004 2616 sensu,
2038 2578 2143 2626 quae

492 2635 526 2683 fi
569 2633 815 2682 miratione
862 2633 965 2681 filiae
1003 2632 1153 2680 defixa
1192 2632 1301 2687 fuit,
1353 2633 1467 2698 quid
1506 2634 1564 2682 de
1604 2635 1801 2685 aliorum
1829 2636 2012 2700 judicio
2057 2656 2144 2689 ex÷

488 2710 816 2775 peEtabimus?
854 2710 1037 2757 Latonae
1073 2713 1253 2757 tacitum
1284 2722 1538 2772 pertentant
1568 2714 1740 2775 gaudia
1771 2722 1954 2776 pedus:
1991 2714 2142 2768 ex‘sul-,

490 2798 563 2835 tat
593 2785 734 2834 tacite
757 2784 877 2833 etin
900 2785 996 2834 finu
1031 2783 1224 2849 gaudet,
1261 2786 1585 2834 animadversa
1619 2787 1709 2836 hac
1751 2786 1857 2838 filiae
1892 2789 1980 2838 suae
2014 2788 2142 2839 divi-

492 2877 555 2910 na
576 2862 737 2910 formae
760 2859 1011 2923 majestate.
1083 2862 1241 2924 Atque
1279 2860 1370 2908 hoc
1405 2860 1545 2909 decus
1585 2862 1817 2926 Virgilius
1859 2864 1942 2912 fibi
1965 2864 2143 2913 confla-

493 2937 566 2986 vit
603 2954 660 2986 ex
701 2935 800 2991 illo,
834 2934 959 3000 quod
1004 2946 1179 2985 temere
1224 2934 1347 2982 inter
1393 2946 1559 2990 caetera
1611 2935 1840 2999 abjectum
1874 2951 2142 3002 repererat:⁴

495 3011 720 3074 yiynffie‘ge'
751 3032 797 3058 τε
820 3014 944 3073 φρένα
974 3011 1115 3068 Λητώ,
1186 3009 1329 3063 Conf.
1369 3010 1678 3060 imitationem
1712 3011 1880 3060 Claud.
1905 3013 1965 3061 R.
1994 3014 2046 3062 P.
2070 3008 2146 3077 II,

498 3097 563 3156 69
585 3089 667 3154 ‘sq.
738 3088 798 3135 In
831 3086 954 3134 illis:
986 3087 1271 3150 gradiergsque
1293 3082 1686 3152 deasstcpereminet
1707 3108 1860 3144 omnes,
1894 3079 2027 3139 multi
2044 3105 2146 3140 cer-

497 3175 657 3216 tarunt
679 3176 787 3211 cum
809 3159 1032 3225 Virgilio.
1058 3159 1228 3208 Statius
1252 3162 1275 3207 I
1303 3161 1416 3209 Silv.
1440 3180 1489 3218 2,
1533 3179 1549 3211 1
1567 3179 1619 3228 15
1646 3164 1825 3220 Latias,
1855 3170 2021 3222 metire,
2043 3169 2156 3232 quid

498 3242 622 3304 ultra
657 3240 860 3286 Emineat
893 3249 1072 3290 matres,
1101 3249 1306 3300 quantum
1342 3237 1531 3286 Latonia
1556 3239 1778 3302 Nymphas
1810 3240 1947 3307 Virgo
1966 3246 2146 3305 premit,

500 3328 787 3381 quantumque
817 3324 972 3375 egomet
1010 3310 1222 3360 Nereidas
1254 3325 1369 3359 exto.
1437 3312 1580 3374 Juvat
1605 3313 1792 3363 tandem
1822 3315 2066 3365 observare
2097 3327 2148 3366 et

498 3392 611 3443 hoc,
644 3388 742 3451 post
779 3386 913 3440 alios,
952 3378 1036 3434 nifi
1068 3384 1305 3434 fallimur:
1340 3386 1388 3434 in
1427 3385 1580 3435 forma
1610 3387 1811 3438 Didonis
1843 3383 2149 3452 describenda

499 3474 595 3531 uno
632 3457 852 3528 epitheto
871 3456 1069 3529 defungi
1102 3460 1316 3528 Ροέωῐίἱς
1340 3461 1638 3528 pdlcherrima
1666 3464 1785 3514 Dido
1799 3484 1819 3516 .·
1853 3466 1950 3517 tam
1971 3465 2149 3532 'parum

852 3576 853 3579 =
984 3563 986 3565 ·
2011 3555 2161 3613 poeta

1438 3710 1581 3749 &vanu-‘v-
1594 3712 1598 3713 ⁷

2279 3075 2294 3135 ἐ

2284 3138 2294 3198 ι’,

2288 3220 2294 3250 3
