2294 4030
472 353 588 429 §32
889 328 945 406 E
970 327 1115 405 xic·
1145 326 1211 406 u
1239 327 1364 405 Rs
1394 328 1458 406 ὐ
1484 331 1526 408 s
1590 331 1719 412 *vi-f<

464 502 686 559 Mamm
691 514 778 574 sur
793 509 831 559 P
852 503 994 560 Italic·
1004 512 1066 560 T.
1089 510 1158 569 11,
1190 529 1237 577 p.
1273 529 1390 579 ως.
1438 517 1548 578 106)
1571 525 1617 562 et
1637 514 1779 580 potest
1794 492 2123 583 bispidum.

461 584 661 650 kliquam
682 585 862 642 habere,
884 585 915 633 fi
937 590 1119 649 poetam
1139 586 1341 650 Neapoli
1365 587 1512 634 otium
1529 588 1657 637 suum
1676 578 1960 648 ‘consumfiii'e
1977 599 2120 655 repuz‘

462 671 549 730 tes,
579 672 625 709 et
657 660 841 725 Capreae
873 653 1066 707 insulam
1103 659 1246 723 pbjici
1282 660 1429 708 littori
1465 660 1769 711 montibus‘et
1789 663 1915 713 silvis·
1931 663 2122 713 munito-

460 736 736 786 memineriS.
802 737 859 784 In
891 735 963 783 his
996 741 1146 784 tamen
1168 736 1381 784 omnibus
1401 739 1619 785 nonnulla
1641 733 1767 796 sunt}
1795 744 1897 804 quae
1915 740 2116 804 probare

459 814 544 861 vix
580 813 723 878 postis.
791 810 953 857 Parum
985 810 1230 873 sapientem
1250 825 1499 874 parumque
1518 817 1719 875 gnavum
1741 819 1930 877 poetam
1962 812 2118 868 dicas,

459 888 541 952 qui
562 888 612 935 in
625 916 628 923 ‹
642 887 798 935 littore
816 883 962 932 Italiae
983 883 1182 947 objesto,
1215 885 1338 947 quod
1360 884 1568 948 quotidie
1588 896 1657 933 tot
1681 886 1881 934 Romani
1901 887 2113 950 frequen-a

458 973 625 1018 tarent,
659 960 870 1026 quodque
892 959 1006 1005 adeo
1029 957 1300 1005 notiffimum
1323 959 1425 1005 esset
1456 962 1584 1023 (nam
1604 960 1737 1008 aliter
1755 977 1823 1008 res
1842 961 1886 1009 se.
1919 961 2109 1009 haberet}

457 1036 511 1085 in
548 1037 710 1100 ignota
730 1033 970 1099 regione),
1003 1031 1137 1078 vellet
1173 1031 1328 1079 locum
1366 1033 1555 1098 fingere,
1588 1034 1669 1098 qui
1688 1035 1895 1100 nuspiam
1918 1037 2041 1092 esset,
2059 1039 2109 1083 et

454 1124 633 1160 ‘tantum
655 1112 746 1157 hoc
765 1120 914 1172 agere,
948 1119 997 1154 ut
1017 1107 1171 1154 locum
1193 1123 1249 1154 ex
1274 1107 1484 1155 Homero
1501 1108 1646 1156 latine
1667 1121 1964 1158 converterets
2030 1109 2108 1158 Sis-

456 1188 559 1237 mili
581 1187 753 1234 ratione
774 1179 1096 1247 Nympharum
1119 1194 1298 1230 antrum
1321 1182 1441 1246 apud
1473 1183 1730 1231 Homerum
1751 1183 1939 1248 poetica
1966 1184 2107 1233 licen-2

451 1264 523 1310 tia
555 1262 747 1309 effictum
793 1257 926 1305 multi
963 1257 1159 1305 voluere.
1228 1257 1295 1303 At
1339 1256 1550 1304 habemus
1591 1257 1882 1304 Artemidori
1925 1255 2117 1322 Ephefii

455 1337 591 1384 fidem
627 1352 700 1398 ap.
741 1332 962 1395 Porphyr.
1002 1330 1059 1376 de
1101 1330 1163 1376 A.
1186 1329 1254 1376 N.
1279 1346 1379 1392 cap.
1404 1344 1455 1390 4,
1488 1345 1577 1392 qua
1597 1331 1770 1377 constat
1790 1345 1949 1376 verum
1971 1330 2110 1394 hujus

451 1406 772 1473 descriptionis
804 1406 997 1452 fundum
1032 1404 1177 1451 fuisse.
1245 1404 1387 1469 Qod
1415 1403 1664 1467 descriptio
1696 1420 1835 1467 porro
1873 1404 1966 1451 loci
1997 1421 2106 1457 cum

455 1486 541 1532 fitu
574 1494 728 1548 portus
758 1477 1052 1542 Carthaginis
1093 1494 1223 1524 novae
1248 1490 1299 1539 ‘et
1323 1477 1578 1540 Neapoleos
1593 1476 1827 1531 convenit,
1865 1477 1915 1526 id
1935 1479 2106 1528 mirum

454 1578 550 1609 non
584 1561 662 1614 est,
696 1573 802 1604 cum
827 1556 1068 1602 multorum
1093 1565 1305 1616 portuum
1338 1551 1461 1598 idem
1484 1551 1590 1597 fitus
1612 1551 1684 1606 fit,
1717 1551 1856 1616 idque
1876 1569 1963 1616 pro
1992 1569 2107 1616 praea

452 1634 709 1684 stantiffimo
747 1628 884 1677 facile
918 1638 1072 1690 portus
1108 1641 1269 1689 genere
1301 1625 1538 1680 habeatur,
1570 1625 1693 1687 quod
1731 1625 1910 1688 objestu
1945 1627 2118 1676 insula}

451 1709 676 1758 efficitur:
729 1700 986 1766 cujusmodi
1025 1699 1209 1763 plurimi
1245 1698 1486 1746 memorari
1521 1698 1696 1761 possunt
1734 1708 1907 1762 portus.
1962 1697 2102 1748 Talis

451 1796 549 1832 erat
585 1777 828 1833 Brundisii,
863 1776 920 1823 de
959 1791 1054 1840 quo
1092 1792 1138 1822 v.
1181 1773 1355 1820 Lucan.
1400 1772 1468 1829 II,
1501 1773 1778 1833 613—-621,
1813 1772 2107 1821 Alexandriae!

452 1858 572 1906 Caes,
609 1858 661 1904 B.
703 1853 812 1900 Civ.
854 1849 947 1902 ΙΙΙ,
987 1865 1094 1896 112.
1160 1846 1351 1893 Maneat
1384 1846 1555 1909 itaque,
1589 1845 1667 1892 etfi
1704 1861 1825 1892 nunc
1860 1845 2104 1909 ignoratur

449 1933 621 1985 littoris
643 1929 776 1992 hujus
796 1923 965 1986 Libyci
987 1939 1088 1969 vera
1112 1922 1250 1978 ratio,
1282 1933 1359 1967 aut
1380 1921 1618 1966 immutata
1639 1919 1699 1985 est
1720 1919 1815 1981 ejus
1845 1919 1984 1967 facies
2013 1938 2100 1968 na·

450 2008 672 2059 turalibus
695 2004 751 2050 de
773 2000 944 2053 caustis,
977 1995 1234 2059 Virgilium
1259 2007 1406 2041 tamen
1424 1993 1519 2039 veri
1537 1993 1630 2039 loci
1653 1994 1785 2040 fitum
1803 1994 2102 2052 adumbrafl'e,

449 2095 722 2152 quamquam
759 2074 928 2123 additis
962 2072 1078 2118 forte
1114 2069 1364 2124 nonnullis,
1398 2086 1497 2132 quae
1519 2068 1576 2115 ad
1607 2067 1839 2132 poeticam
1861 2069 2101 2119 amoenitaa

447 2174 543 2210 tem
580 2170 626 2205 et
663 2163 871 2203 ornatum
911 2148 1137 2201 facerent;
1172 2146 1316 2209 quod,
1339 2157 1389 2191 ut
1423 2149 1580 2207 poeta,
1614 2144 1731 2190 refie
1752 2143 1901 2190 facere
1923 2145 2097 2207 potuita

450 2239 605 2298 Atque
625 2233 721 2280 haec
743 2245 799 2275 ne
816 2223 1011 2287 Virgilii
1031 2221 1173 2286 magis
1197 2221 1345 2267 studio
1368 2236 1503 2283 quam
1522 2218 1671 2282 aliqua
1693 2218 1789 2265 veri
1808 2218 1954 2283 specie
1975 2220 2100 2268 arbi-⁴-

448 2309 562 2358 trari
592 2308 853 2357 videamur,
891 2299 1120 2352 Shczvium,
1145 2295 1444 2342 doftiffimum
1465 2293 1633 2349 virum,
1667 2295 1893 2340 auCtorem
1913 2293 2099 2360 laudarq

446 2384 690 2451 possumus,
742 2377 823 2441 qui
863 2373 1052 2421 similem
1100 2371 1150 2417 in
1187 2368 1549 2433 Carthaginiensi
1607 2368 1762 2415 littore
1814 2368 1970 2417 locum
2008 2363 2098 2418 dei

449 2455 728 2524 prehendiss'e
765 2450 849 2499 fibi
880 2448 1004 2495 visus
1039 2447 1113 2494 est.
1205 2446 1261 2492 In
1295 2445 1532 2491 Tunitano
1565 2444 1680 2500 sinn,
1714 2443 1763 2491 in
1806 2461 1899 2508 quo
1933 2445 2098 2495 eodem

448 2533 686 2596 Carthago
725 2527 837 2576 olim
859 2523 952 2571 fuit
976 2523 1075 2575 sxta,
1110 2517 1228 2568 inter
1251 2519 1564 2585 promontoria
1589 2519 1822 2584 Apollinis
1842 2531 1889 2567 et
1906 2519 2098 2568 Merena

446 2611 531 2667 rii,
562 2621 755 2672 quorum
796 2601 884 2648 hoc
927 2597 1129 2662 quidem,
1165 2611 1282 2644 nunc
1321 2599 1416 2659 Cap
1462 2597 1575 2651 Bon,
1609 2596 1666 2642 ab
1705 2595 1916 2652 Oriente,
1958 2595 2097 2652 illud,

446 2701 568 2734 nunc
610 2683 706 2744 Cap
734 2675 885 2725 Zibeeb
915 2673 988 2720 vel
1021 2673 1187 2729 Zebibi,
1222 2673 1279 2720 ab
1318 2670 1596 2725 Occidente,
1626 2670 1769 2717 finum
1806 2669 2002 2726 claudit,
2041 2670 2095 2718 in

445 2755 538 2808 hoc
568 2757 724 2819 itaque
758 2751 872 2806 finu,
905 2747 1034 2810 cujus
1071 2762 1120 2792 os
1149 2746 1267 2792 inter
1298 2745 1393 2792 duo
1430 2742 1744 2809 promontoria
1762 2742 1975 2791 undecim
1996 2741 2114 2794 leui.)

445 2850 523 2882 cas
557 2840 699 2895 patet,
731 2819 859 2888 supra
897 2821 1106 2883 Marsuam,
1155 2817 1301 2866 versus
1336 2816 1700 2883 promontorium
1736 2814 1983 2872 Mercurii,
2013 2815 2090 2867 seu

445 2899 713 2956 Hermaeum
751 2900 881 2961 (Cap
920 2898 1042 2956 Bon)
1079 2893 1254 2942 circum
1292 2909 1345 2939 ea
1381 2893 1505 2948 loca,
1554 2891 1606 2939 in
1642 2889 1809 2955 quibus
1858 2887 2091 2955 Aquilaria

445 2982 563 3032 olim
604 2978 696 3027 fuit
734 2974 832 3031 fita,
870 2974 1008 3032 (nunc
1040 2969 1166 3017 vicus
1200 2968 1497 3022 Lowhareah,
1531 2967 1612 3030 qui
1645 2981 1780 3012 unam
1800 2974 1977 3012 tantum
1997 2964 2096 3012 leua
2158 2980 2165 2987 ⁴

440 3075 550 3107 ,cam
591 3071 618 3102 a
651 3046 964 3118 promontorio
996 3043 1078 3091 illo
1116 3044 1253 3105 abest)
1294 3051 1322 3089 a
1355 3042 1507 3088 littore
1535 3041 1643 3087 inde
1675 3039 1815 3103 usque
1844 3038 1904 3086 ad
1937 3034 2100 3088 vicum*

444 3135 569 3184 hunc
615 3145 742 3180 mons
784 3121 1009 3192 procedit,
1043 3120 1123 3185 qui
1167 3131 1287 3167 totus
1323 3118 1498 3166 effossus
1532 3124 1579 3164 et
1617 3125 1877 3173 excavatus,-
1908 3131 1938 3163 av
1976 3105 2093 3165 mari

444 3207 554 3259 inde
597 3207 656 3254 ad
699 3204 852 3251 vicum
899 3199 986 3245 iter
1027 3195 1360 3243 subterraneum
1401 3192 1585 3257 ptaebett
1653 3190 1782 3238 Patet
1829 3189 2090 3246 enim'via,

447 3284 505 3332 ad
548 3276 751 3330 cuniculi
793 3274 1006 3341 speciem,
1039 3287 1065 3318 a
1104 3270 1197 3318 solo
1241 3270 1297 3317 ad
1335 3268 1552 3316 verticem
1591 3265 1650 3313 ad
1687 3259 1860 3330 viginti
1895 3265 1970 3314 vel·
2004 3267 2092 3314 tria

445 3358 575 3425 ginta
614 3355 770 3420 pedes,
806 3347 975 3399 relic‘iis
1009 3362 1088 3411 per
1127 3344 1362 3418 intervalla
1406 3343 1464 3414 ad
1507 3342 1674 3390 montis
1712 3342 1878 3390 molem
1923 3341 2090 3391 susten-

443 3433 629 3482 tandam
667 3426 889 3476 columnis
926 3437 971 3471 et
992 3421 1183 3470 arcubus
1208 3419 1284 3468 seu
1317 3417 1598 3476 fornicibus3
1633 3414 1916 3480 spiramentis
1947 3415 2087 3466 etiam

443 3506 596 3574 passim
633 3508 713 3552 aer
755 3513 802 3550 et
841 3498 1009 3548 coelum
1047 3484 1240 3560 desuper
1279 3491 1556 3568 admittitur.
1624 3489 1773 3539 Fuisse
1807 3489 1885 3538 has
1925 3487 2089 3553 lapiciae
2119 3510 2122 3511 ⁷

959 3587 990 3622 2
1956 3561 2088 3614 dinae

2287 302 2294 318 Δ
2290 276 2294 288 -
2287 238 2294 254 ,ι
2286 62 2294 225 ana-...Q
2286 1 2294 60 .-ι-.-
