2372 4030
396 298 530 370 DE
547 299 875 368 cARM.
910 299 1195 369 EPICO
1213 308 1222 371 ζ’
1243 304 1598 378 VIRGIL.
1695 337 1844 385 Lxx

208 477 746 551 omniazcarmina
775 466 956 568 epica
986 500 1070 544 ex
1100 502 1233 546 uno
1263 494 1327 545 et
1358 482 1587 551 eodem
1616 512 1850 578 genere,

205 591 554 686 procedere
607 589 864 681 poffunt
882 621 906 666 ς
975 592 1124 681 'post
1153 591 1434 660 Achillis
1481 615 1692 668 autem
1721 605 1845 672 iras

206 716 273 773 et
303 701 546 794 Ulyffis
579 703 649 769 in
681 700 742 768 se
775 726 858 768 ex
890 701 1136 770 cafibus
1171 720 1233 771 et
1256 707 1550 794 periculis
1572 712 1844 802 objectis

208 815 619 907 expediendo
652 813 1036 906 sapientiam
1067 816 1176 883 seu
1204 815 1555 900 vafritiem,
1608 846 1752 912 quae
1782 840 1846 894 et

209 930 439 1024 priscae
464 933 639 999 aetati
684 947 748 997 et
781 932 965 1022 epico
996 932 1272 1001 carmini
1302 935 1850 1004 accommodatior

209 1055 373 1123 erat‚'
418 1068 617 1136 quam
643 1044 978 1136 sapientia,
1029 1070 1182 1114 cum
1214 1048 1598 1117 variandum
1638 1067 1701 1115 et
1730 1074 1850 1116 no..

208 1160 500 1230 vandum
515 1161 701 1229 “effet
755 1162 1004 1254 aliquid
1054 1169 1293 1253 po'etae,
1346 1164 1576 1255 quidni
1626 1167 1848 1231 AEneae

209 1276 544 1354 virtutem,
596 1288 797 1366 quam
832 1299 986 1342 cum
1034 1278 1279 1343 caeteris
1334 1276 1636 1343 heroibus
1666 1301 1852 1344 com-

210 1407 486 1461 munem
515 1389 729 1467 habet,
777 1391 1160 1459 fortitudine
1191 1390 1397 1456 animi
1426 1391 1497 1456 in
1526 1391 1852 1480 perferen-

213 1501 315 1572 dis
345 1506 820 1572 calamitatibus
870 1520 933 1573 et
964 1503 1277 1593 obsequio
1306 1526 1455 1592 erga
1483 1502 1638 1570 deos
1682 1519 1852 1572 tern-

209 1625 504 1708 peraret?
599 1622 706 1687 Ad
742 1619 869 1685 hoc
902 1641 1054 1686 eum
1080 1615 1218 1707 ipsa
1247 1641 1460 1683 rerum
1490 1642 1563 1684 ac
1594 1635 1853 1709 tempo-

212 1758 358 1806 rum
397 1750 646 1801 mutata
676 1736 839 1800 ratio
866 1733 1160 1809 ducebat,
1214 1747 1278 1796 et
1308 1756 1404 1808 ea,
1454 1756 1603 1822 quae
1630 1734 1707 1799 de
1733 1739 1855 1801 AE-

215 1871 357 1916 neae
390 1849 717 1924 erroribus
750 1864 813 1913 et
847 1847 1123 1914 adventu
1168 1847 1238 1911 in
1271 1849 1541 1913 Latium
1569 1849 1797 1915 tradita
1818 1873 1857 1918 a

215 1960 650 2052 superioribus
687 1962 901 2051 poetis
934 1977 1136 2036 erant,
1183 1961 1589 2029 revocabant.
1692 1965 1856 2029 Mo-

213 2068 368 2148 nitis
396 2075 666 2147 deorum
694 2090 758 2140 et
797 2075 1069 2145 oraculis
1101 2074 1325 2140 omnia
1366 2073 1445 2138 ab
1478 2075 1688 2139 AEnea
1720 2073 1854 2140 sus-

215 2205 400 2280 cepta
451 2206 513 2256 et
562 2191 891 2270 confecta,
942 2193 1222 2258 Penates¹
1255 2207 1317 2256 et
1349 2189 1517 2258 sacra
1544 2194 1746 2281 patria
1775 2192 1854 2257 ab

216 2328 297 2374 eo
327 2305 397 2370 in
426 2329 628 2377 novas
660 2304 839 2376 sedes
865 2306 1069 2382 illata,
1119 2321 1475 2371 narraverat
1506 2306 1856 2395 antiquitas

214 2415 320 2512 (v.
353 2417 649 2510 Disquis.
686 2419 782 2512 II)
800 2451 824 2497 3
876 2420 1038 2510 quid
1091 2420 1310 2510 itaque
1342 2420 1548 2509 magis
1581 2420 1669 2484 rei
1700 2444 1856 2485 con-
1890 2448 1895 2455 ·

216 2531 621 2613 fontaneum,
671 2558 878 2626 quam
910 2549 982 2601 ut
1013 2532 1201 2600 heros
1235 2532 1500 2624 insignis
1530 2534 1764 2624 pietate
1792 2550 1858 2599 et

215 2646 532 2737 religione
553 2645 1003 2717 exhiberetur?
1056 2647 1293 2737 Neque
1317 2671 1469 2713 vero
1495 2671 1627 2712 non
1646 2646 1859 2712 videre

219 2757 446 2831 debuit
476 2757 940 2851 tantuspoeta,
988 2759 1066 2825 ad
1090 2782 1311 2826 rerum
1339 2759 1858 2849 magnitudinem

219 2870 643 2962 eti->augustam
667 2874 957 2964 aliquam
982 2872 1367 2964 dignitatem
1389 2867 1710 2960 religiosas
1730 2893 1855 2948 reS,

221 2983 463 3062 cauffas
493 3002 557 3056 et
587 2986 875 3066 confilia,
909 2988 1226 3054 eximiam
1254 2986 1392 3054 vim
1417 2983 1672 3054 habere.
1725 2985 1858 3062 Ita,-

221 3120 355 3188 que
372 3095 500 3165 hoc
525 3099 798 3191 quidem
818 3117 1162 3191 tamquam
1184 3123 1398 3165 rerum
1416 3097 1670 3163 cardine
1686 3119 1859 3185 prae-

221 3213 392 3285 clare
443 3213 535 3281 est
582 3213 763 3292 usus,
812 3232 888 3282 ut
927 3214 1466 3312 praedictionibus
1497 3211 1685 3278 variis
1716 3210 1858 3275 ani-

222 3313 374 3401 mos
420 3325 557 3419 spe·
577 3345 646 3396 et
693 3330 1152 3424 expectatione
1205 3312 1442 3394 teneret
1502 3321 1859 3415 suspensOS,

221 3441 745 3547 religiosamque
770 3449 1066 3547 aliquam
1114 3463 1178 3514 et
1222 3444 1554 3546 augustam
1584 3440 1862 3533 speciem

1643 3576 1858 3623 rerum
