2294 4030
595 284 1105 362 AENEIDos,
1161 281 1348 349 Lm.
1409 280 1518 347 vr.
1745 298 1867 368 ⁷7*

229 450 413 523 Ultus
420 478 563 522 avos
576 456 722 542 Troj
731 456 1036 538 ae,templa
1048 468 1106 516 et
1117 468 1398 515 temerata
1409 453 1731 513 Minervae.
1759 453 1874 527 841*

230 573 386 655 Qis
410 588 491 647 te,
533 590 750 654 magne
777 571 949 643 Cato‘,
990 569 1264 642 tacitum,
1303 583 1404 630 aut
1431 582 1511 641 te,
1553 567 1743 642 Cofl'e,
1770 585 1867 626 re«

471 686 701 767 linquat
721 686 744 745 ?

230 799 385 884 Quis
415 798 676 858 Gracchi
704 817 909 878 geum,
961 813 1061 859 aut
1106 798 1404 879 geminOS,
1451 796 1573 857 duo
1616 792 1873 856 fulmina‘

478 910 644 982 belli,

233 1023 558 1107 ScipiadaS,
587 1023 822 1083 cladem
851 1022 1078 1100 Libyae,
1107 1043 1410 1104 parvoque
1437 1038 1746 1106 potentem

293 1187 390 1236 842.
420 1195 490 1226 aut
525 1182 633 1226 deest
663 1181 812 1223 Medic.
854 1194 951 1221 am.
981 1195 1043 1235 pr.
1098 1183 1199 1238 Conse
1230 1186 1354 1224 Rom.
1405 1186 1532 1243 Qeffi
1568 1183 1728 1228 Zulich.
1781 1187 1870 1243 colse

239 1250 370 1295 Goth.
394 1258 488 1290 tert.
546 1249 684 1302 Q-am
704 1246 922 1285 lectionem
941 1245 1059 1297 hujus
1073 1246 1208 1284 versus
1222 1248 1298 1286 Ge.
1320 1248 1520 1288 Fabricius
1532 1250 1572 1289 in
1590 1250 1749 1292 Donato
1760 1242 1873 1290 inve-

239 1316 366 1364 ,nt-rit,
406 1324 490 1353 non
509 1311 655 1364 affequi
674 1309 986 1358 licet.-2-——843.
1014 1309 1099 1349 bello
1126 1309 1230 1349 Gud.
1262 1323 1285 1349 a
1303 1323 1360 1352 mi
1393 1313 1660 1365 Pr··-—844-
1684 1326 1874 1371 parvoque

239 1388 392 1437 nepotem
415 1374 543 1416 Goth.
565 1383 677 1423 tert„
700 1372 871 1414 ridiculo
889 1371 1061 1426 stupore.

234 1527 277 1562 et
309 1524 510 1562 temerata
548 1512 787 1560 Minervae.
854 1509 1017 1557 Minus

237 1578 352 1626 bene
372 1595 451 1644 per
483 1578 692 1625 AEaciden
725 1573 1017 1629 Theffaliam,

240 1650 471 1707 tamquam
492 1641 706 1697 Graeciae,
719 1641 813 1704 jam
837 1652 915 1702 per
931 1639 1019 1684 Ar-

236 1723 323 1776 gos
335 1719 381 1754 et
402 1706 621 1770 Mycenas
637 1705 894 1768 defignatae,
916 1712 1018 1766 par-

241 1782 335 1819 tem
361 1771 561 1825 tertiam,
599 1769 847 1833 intelligas,
892 1768 1020 1828 cujus

242 1834 427 1883 fortuna
442 1848 546 1883 cum
585 1832 869 1882 Macedoniae
899 1832 1017 1878 cala-

239 1899 401 1947 mitate
454 1897 544 1947 fuit
587 1898 691 1945 satis
743 1896 983 1959 conjuncta
1004 1914 1018 1952 3

242 1964 322 2011 etsi
346 1964 396 2011 in
416 1980 468 2011 ea
487 1974 581 2010 erat
613 1962 794 2018 Phthia,
819 1957 1019 2007 Achillis

243 2029 409 2095 patria,
453 2044 543 2092 qua
583 2042 688 2074 cum
731 2024 943 2088 Mycenis
975 2034 1022 2069 et

244 2093 386 2157 Argis
411 2091 602 2156 junctim
621 2101 866 2138 memorata
889 2089 1021 2135 Grae-

244 2157 366 2211 ciam
383 2155 602 2204 declarari
620 2156 715 2217 jam
737 2154 820 2201 lib.
844 2154 885 2210 I,
912 2155 1022 2216 284.

246 2227 340 2287 285
385 2220 585 2269 vidimus
621 2220 671 2266 in
710 2218 843 2266 simili
880 2219 1020 2265 loco:

244 2287 390 2350 Qum
430 2288 567 2333 domus
585 2286 785 2348 Afflzraci
816 2283 1022 2330 Phthiam

247 2353 466 2415 clarasque
482 2350 683 2413 Mycenas
718 2349 902 2395 Servitia
924 2360 1024 2410 pre-

247 2430 328 2465 met
350 2434 402 2463 ac
429 2419 555 2461 viciis
582 2411 862 2461 dominabitur
876 2411 1024 2476 Argis.

250 2477 428 2531 Sufficit
443 2490 523 2543 per
540 2476 690 2524 solitas
704 2475 913 2524 vaticinii
934 2492 1027 2523 am-

249 2540 390 2608 bages
429 2542 507 2590 vss'.
554 2544 580 2588 8
587 2542 798 2604 39-—841
839 2541 927 2588 hoc
969 2556 1023 2586 u-

243 2625 359 2660 num
371 2605 590 2654 declarari
606 2624 618 2652 ;
654 2606 738 2653 Ille
752 2606 884 2660 alter,
897 2603 1026 2650 Paul-

249 2673 320 2721 Ius
342 2671 578 2727 AEmilius,
595 2669 789 2717 Graeciae
807 2686 912 2735 opes
929 2669 1026 2732 jam

253 2747 358 2788 ante
410 2736 607 2800 priorem
660 2735 813 2790 illum,-
867 2733 1026 2781 Mum-

251 2802 416 2855 mium,
457 2799 653 2863 franget.
718 2798 774 2845 In
795 2813 870 2855 eo,
902 2796 1028 2862 quod

172 2925 176 2929 .
250 2866 346 2942 post
366 2867 498 2925 Eruet
518 2864 671 2930 Argos,
692 2864 909 2927 Νζγεεηας,
942 2862 1026 2909 ad·-

244 2931 418 2995 J'estum
436 2930 513 2983 est,
535 2929 676 2992 Iesum
695 2929 918 2982 AEaeidem
939 2927 1028 2974 hae-

253 2995 441 3044 rendum
459 3009 552 3040 non
571 2994 663 3040 est:
697 2993 746 3039 fit
765 2991 887 3039 enim
904 3007 1028 3038 com-

255 3059 384 3108 muni
421 3056 523 3112 usu,
562 3073 653 3104 uno
675 3056 812 3103 verbo
845 3065 1028 3103 accom-

255 3123 443 3172 modato
467 3152 469 3154 -
497 3121 555 3168 ad
608 3120 738 3184 plura
789 3118 986 3182 subjecta
1012 3135 1024 3166 :

254 3198 359 3254 pro,
371 3186 782 3250 prosternet,vincet
794 3181 1036 3232 AEaciden.·

322 3256 414 3313 842
436 3276 502 3288 --
528 3253 638 3312 845.
708 3246 943 3297 Notiffimi
977 3247 994 3295 i

256 3313 388 3363 rebus
407 3313 626 3362 Romanis
645 3312 762 3370 viri„
801 3313 926 3359 ‘Cato
966 3313 1028 3360 est

257 3379 422 3453 major,
457 3377 531 3427 M.
557 3377 762 3434 Porcius,
803 3375 885 3440 qui
905 3385 951 3422 et
971 3375 1029 3423 ab

256 3441 362 3501 *lias
378 3442 498 3496 inter
514 3454 702 3511 'magnos
718 3441 843 3497 viros
859 3454 1031 3493 memo*

1099 1521 1217 1559 ratus
1239 1511 1329 1558 est:
1381 1511 1606 1561 Uticenfis
1634 1530 1725 1562 non
1755 1510 1872 1561 vbene

1098 1575 1216 1622 inter
1251 1576 1435 1623 Cossum
1466 1591 1509 1625 et
1547 1578 1782 1626 Gracchos
1803 1580 1872 1626 lo-

1101 1655 1204 1686 cum
1229 1639 1441 1698 haberet3
1495 1643 1572 1689 etfi
1609 1643 1656 1690 in
1681 1643 1875 1706 Augusti

1097 1703 1295 1767 gratiam
1329 1704 1448 1752 hunc
1499 1707 1682 1754 omififfe
1721 1708 1874 1754 videri

1099 1785 1192 1815 non
1214 1769 1361 1816 debet.
1402 1787 1448 1817 v.
1474 1769 1639 1819 Horat.
1671 1773 1692 1819 I
1713 1772 1878 1819 Carm-

1101 1848 1182 1944 Χ,
1203 1833 1440 1945 ἐῖέτεηῖεῗῗοῇ
1455 1834 1610 1963 2221}
1605 1837 1741 1962 pgiiis
1771 1836 1874 1965 οξὶῗ

1102 1961 1187 2008 mis
1208 1963 1329 2008 claro
1346 1962 1442 2010 vid.
1467 1962 1568 2011 Liv.
1584 1963 1675 2019 IV,
1702 1981 1777 2029 19.
1794 1982 1873 2015 ποι

1104 2026 1290 2074 Gracchi
1315 2046 1472 2092 genum
1522 2028 1705 2092 respicit
1727 2031 1875 2078 maxi-

1103 2107 1176 2138 me
1227 2089 1308 2137 Ti.
1366 2091 1679 2155 Sempronium
1724 2095 1876 2143 Grac-

1103 2155 1260 2210 chum,
1297 2155 1345 2202 b.
1394 2156 1566 2203 Punico
1603 2157 1652 2203 II
1686 2159 1876 2209 clarumi

1100 2220 1336 2282 Scipiadas,
1359 2219 1444 2267 int.
1490 2220 1761 2272 Africanum
1781 2241 1874 2271 ma*

1096 2282 1242 2346 jorem
1260 2294 1306 2331 et
1327 2285 1575 2342 minorem3
1598 2304 1702 2335 nam
1724 2289 1877 2351 adjec-

1102 2358 1200 2394 tum
1225 2364 1237 2395 ξ
1275 2347 1410 2395 clades
1432 2349 1598 2411 Libyae,
1633 2353 1876 2416 Carthagi-

1103 2411 1174 2458 nis
1209 2413 1320 2459 alter
1344 2412 1505 2469 victor,
1551 2416 1663 2463 alter
1682 2418 1874 2466 eversori

1088 2477 1265 2541 fulmen
1318 2477 1420 2525 belli
1472 2479 1530 2526 de
1582 2480 1874 2546 Scipionibus

1104 2542 1291 2604 proprio
1329 2542 1483 2604 aliquo
1523 2546 1661 2593 modo
1698 2547 1876 2596 dictum

1103 2604 1249 2662 fuiffe,
1267 2620 1323 2652 ex
1342 2606 1455 2652 locis
1475 2621 1654 2671 apparet
1675 2626 1701 2656 a
1723 2604 1876 2659 Cerda·

1088 2666 1293 2732 aliisque
1314 2670 1521 2719 laudatis.
1570 2672 1752 2722 Praeivit
1780 2676 1875 2724 Lu-

1106 2746 1216 2781 cret.
1240 2733 1334 2788 III,
1381 2751 1497 2799 1047
1544 2738 1750 2798 Scipiades
1780 2739 1885 2788 belli

1090 2798 1281 2863 fulmen,
1301 2799 1577 2865 Carthaginis
1594 2803 1753 2857 horror,
1775 2807 1879 2869 Oſj&

1107 2864 1218 2910 dedit
1234 2877 1361 2911 terrae
1368 2866 1540 2926 proinde
1556 2885 1608 2913 ac
1623 2868 1795 2977 {amul’
1811 2878 1880 2917 in-

1095 2928 1225 2989 fimus
1241 2929 1347 2989 fft.
1389 2928 1603 2991 Spencius
1657 2947 1738 2979 ene
1753 2949 1880 2982 coma

1108 3002 1237 3054 parat
1278 2992 1430 3039 locum
1472 2994 1530 3040 de
1577 2994 1753 3043 Caesare
1801 3014 1884 3062 ap.-¹

1109 3055 1440 3121 Lucan.I‚‚157
1464 3056 1569 3120 sqq-2
1609 3059 1685 3105 Ad
1704 3060 1880 3111 versum

1109 3119 1228 3166 hunc
1266 3118 1422 3166 referri
1450 3120 1584 3181 debet
1616 3124 1718 3171 Silii
1751 3123 1886 3173 locus*

1111 3183 1253 3239 XIII,
1295 3199 1407 3246 499.
1473 3181 1672 3235 Fulmini
1705 3189 1884 3237 affima-

1110 3247 1224 3296 lavit
1243 3247 1501 3295 bellatorem
1536 3251 1638 3313 jam·
1654 3252 1883 3303 Homerus

1107 3311 1244 3385 Iliaci.
1276 3333 1313 3367 ν,
1346 3327 1456 3376 242.
1511 3326 1658 3376 parvo
1679 3328 1887 3378 potentem¹

1088 3375 1167 3423 ·F.
1201 3391 1251 3422 m
1275 3386 1412 3439 parva
1434 3393 1482 3424 re
1519 3378 1764 3429 domestica
1804 3383 1886 3437 di·-

1113 3439 1285 3498 vitem3
1317 3440 1386 3491 uti
1417 3454 1622 3497 contentus
1631 3457 1779 3510 par-vo
1798 3447 1887 3494 ali«

1785 3527 1897 3577 quit
