2294 4030
469 349 591 423 5¹44
819 334 1598 404 Excunsusx
1658 338 1755 409 XI

462 503 936 570 curius-exsequitur„
984 503 1244 553 Mercurius
1276 516 1427 552 autern
1465 504 1647 563 animis,
1681 519 1733 555 ut
1752 507 1803 557 h.
1837 508 1874 557 l.
1912 508 2116 558 Didoni·

462 594 511 634 et
548 583 810 634 Poenorum,
843 578 1104 628 molliendis
1123 593 1167 626 et
1188 578 1422 634 fleetendis
1441 578 1650 644 inprimis
1671 581 1862 642 idoneus
1881 583 2008 640 deus,
2030 586 2112 649 qui

444 655 739 724 seror-cultus
781 655 989 707 hominum
1032 666 1254 709 recentum,
1287 653 1490 717 adeoque
1504 665 1572 702 tet
1608 654 1926 714 barbarorum,
1947 661 2115 721 quales·
2195 694 2198 701 .

464 730 599 780 Poeni
632 744 779 787 erant,
811 729 1041 785 formavit.
1109 727 1297 777 Scilicet
1329 728 1417 779 hoe
1456 729 1515 776 ad
1538 729 1830 792 persuafionis
1847 733 1943 780 vim
1975 733 2112 797 perti,

461 818 562 863 net,
595 805 645 854 in
668 806 915 860 monendo,
937 801 1134 851 confiliis
1152 799 1337 857 dandis,
1369 814 1415 850 et
1436 801 1495 848 fic
1517 819 1656 867 porro
1668 824 1683 861 ;
1719 817 1769 859 ut
1790 805 1948 868 Odyff.
1972 829 2023 862 a,
2048 823 2108 872 37

461 880 525 935 ad
547 879 877 936 dehortandum
900 895 927 925 a
947 877 1110 925 scelere
1141 875 1398 939 AEgisthum
1433 874 1696 929 Mercurius
1713 879 1927 934 mittitur.
1992 881 2111 929 0111-

460 953 575 1005 nino
609 955 869 1002 oeconomia
889 951 1054 999 fabulae
1074 950 1206 1012 hujus
1227 949 1367 1013 primi
1386 949 1496 997 libri
1517 952 1578 998 est
1598 953 1783 1002 eximiae
1802 954 1928 1004 artis.
1994 957 2110 1004 Car-,-

455 1026 659 1092 thaginis
678 1025 887 1074 adversus
905 1025 1062 1071 AEneae
1082 1022 1174 1070 fata
1196 1023 1374 1070 tuendae
1393 1022 1541 1071 studio
1567 1027 1631 1084 (V.
1653 1026 1748 1092 sup.
1779 1045 1797 1076 1
1808 1046 1853 1091 3.
1884 1032 1962 1095 19)
1985 1030 2115 1092 juno⁴

459 1101 655 1157 AEnearn
692 1100 883 1156 immiffa
918 1096 1171 1162 tempestate
1197 1096 1383 1160 perdere
1415 1098 1636 1148 voluerat.
1704 1103 1854 1166 Atqui
1890 1103 1975 1151 hac
2014 1101 2112 1169 ipsa

458 1177 717 1241 ‚tempestate
737 1176 786 1222 in
816 1171 1112 1236 Carthaginis
1134 1171 1286 1234 hujus,
1320 1170 1396 1221 cui
1416 1171 1543 1234 Juno
1562 1175 1744 1233 metuit,
1776 1176 1904 1224 littus
1925 1176 2112 1241 ejicitur

458 1250 644 1306 AEneae.
708 1249 815 1313 Jam
852 1247 1030 1302 mireris
1065 1245 1223 1309 utique
1251 1251 1434 1308 poetam
1472 1246 1560 1294 hoc
1598 1249 1702 1296 casu
1736 1267 1830 1299 non
1859 1268 1914 1299 eo
1940 1251 2025 1310 uri,
2058 1263 2111 1300 ut

456 1335 588 1379 tanto
621 1326 839 1389 majorem
877 1322 1008 1370 nobis
1043 1321 1172 1385 super
1207 1320 1364 1368 AEneae
1402 1321 1667 1376 discrimine
1704 1343 1756 1373 ac
1794 1326 2016 1390 periculo,
2051 1343 2110 1374 ex

396 1408 398 1411 ’
456 1397 658 1466 Junonis
691 1398 811 1446 odiis
833 1397 883 1452 in
904 1396 983 1449 illa
1004 1395 1098 1459 ipsa
1122 1406 1238 1445 terra
1264 1406 1310 1442 et
1334 1395 1461 1452 urbe,
1496 1414 1600 1461 quae
1619 1397 1717 1455 deae
1737 1411 1970 1465 tantopere
1989 1402 2110 1452 curae'

456 1473 680 1538 cordique
720 1486 835 1530 erat,
867 1469 1177 1535 impendente,
1209 1467 1566 1526 sollicitudinem
1607 1473 1765 1529 faciat,
1827 1475 1930 1538 ,Sed
1970 1480 2110 1539 poeta

456 1546 596 1602 aliam
635 1550 755 1613 viam
790 1549 850 1603 est
884 1546 1115 1610 ingressus·
1183 1543 1260 1590 Ne
1281 1543 1446 1592 AEneas
1467 1546 1609 1597 ullum
1632 1547 1681 1602 in
1704 1549 1775 1596 his
1795 1551 1908 1600 locis
1926 1549 2105 1613 pericu*

458 1621 555 1678 lum
581 1623 732 1679 adeat,
765 1620 962 1670 mittitur
996 1618 1256 1675 Mercurius
1278 1618 1336 1671 ad
1361 1618 1602 1669 Poenorum
1641 1620 1932 1690 Didonisque
1964 1622 2110 1686 inpri-

458 1697 548 1754 mis
581 1698 755 1746 animos
790 1695 995 1764 placidos
1029 1706 1074 1742 et
1094 1691 1319 1759 propitios
1352 1694 1628 1743 efficiendos.
1697 1697 1807 1765 Qo
1830 1699 1967 1755 fast0,
2001 1714 2110 1751 cum

458 1782 610 1819 tamen
631 1773 704 1820 vel
725 1774 784 1821 fic
809 1771 965 1828 Venus
984 1769 1188 1825 haberet,
1212 1767 1334 1832 quod
1354 1766 1547 1828 Junonis
1563 1770 1671 1817 odia
1691 1785 1735 1819 et
1757 1773 1847 1822 iras
1868 1787 2108 1833 metueret,

457 1846 706 1911 Cupidinis
736 1863 844 1896 mox
877 1845 958 1893 illa
994 1860 1131 1909 opera
1167 1842 1311 1899 utitur
1357 1842 1468 1906 (inf.
1507 1834 1602 1909 672)
1639 1845 1782 1912 sqq),
1817 1861 1868 1896 ut
1905 1848 2110 1898 Didonis

453 1920 659 1976 animum
695 1938 848 1970 amore
874 1920 924 1971 in
958 1919 1151 1975 AEneam
1188 1917 1457 1974 inflammet,
1492 1935 1582 1982 quo
1616 1921 1766 1970 minus
1796 1920 1877 1970 illa
1909 1923 2109 1986 Junonis

454 1994 614 2059 aliquo
640 1995 820 2045 monitu
850 1997 901 2044 in
921 1993 1098 2043 diversa
1117 1991 1305 2042 confilia
1328 1990 1519 2056 impulsa
1540 1992 1593 2048 in
1614 1995 1707 2056 ejus
1727 1995 1976 2062 perniciem
1998 2012 2109 2045 con-

452 2068 610 2135 spiret.
676 2072 853 2133 Interea¹
872 2072 1013 2134 Juno,
1037 2069 1147 2123 dum
1171 2067 1242 2124 his
1257 2068 1353 2131 jam
1372 2067 1502 2116 malis
1519 2068 1649 2125 aliter
1668 2071 1847 2127 occurri
1871 2090 1963 2121 non
1983 2073 2114 2136 poss‘er

453 2145 584 2193 videt
626 2152 688 2209 (v.
728 2148 821 2205 IV,
856 2164 920 2211 90
959 2146 1111 2211 sqq),
1145 2144 1234 2192 hoc
1271 2142 1367 2208 ipso
1406 2142 1608 2191 Didonis
1628 2156 1674 2192 et
1695 2146 1852 2194 AEneae
1873 2166 2023 2197 amore
2044 2149 2106 2208 gd

453 2222 751 2269 avertendum
783 2222 841 2268 ab
862 2220 999 2277 ltalia
1033 2221 1226 2277 AEneam
1256 2229 1302 2263 et
1339 2217 1670 2281 intercipienda
1691 2221 1805 2268 adeo
1827 2221 1988 2271 Romae
2008 2223 2107 2271 fata

452 2294 526 2342 uti
553 2297 810 2357 constituit3
845 2295 922 2342 sed
956 2310 1047 2357 quo
1086 2294 1235 2339 minus
1271 2291 1352 2338 illa
1383 2307 1451 2338 res
1479 2292 1656 2340 exitum
1689 2294 1872 2352 habeat,
1904 2298 2106 2363 jupiter,

455 2370 535 2419 cui
569 2371 768 2420 fatorum
808 2370 923 2419 ordo
951 2367 1159 2433 inprimis
1180 2383 1299 2423 curae
1319 2366 1402 2424 esse
1424 2367 1578 2434 debet3
1612 2382 1741 2426 cavet
1765 2371 1902 2441 (ibid.
1926 2391 1972 2424 v.
2009 2387 2103 2430 223

448 2445 559 2518 ξφ).
580 2447 648 2504 cf,
671 2446 769 2512 sup.
792 2443 983 2503 Excurs.
1007 2443 1031 2490 I
1053 2442 1101 2500 ’ἢ

688 2617 707 2645 e
905 2598 946 2646 E
981 2599 1027 2654 X
1060 2597 1101 2653 C
1138 2597 1189 2651 U
1223 2596 1269 2645 R
1303 2595 1331 2642 S
1366 2596 1418 2644 U
1452 2596 1480 2643 S
1550 2598 1645 2651 XI.

746 2675 748 2677 ⁵
835 2685 983 2745 Dido
1007 2707 1042 2744 a
1070 2685 1267 2743 Sichaei
1293 2685 1493 2743 [smbm
1519 2689 1733 2746 monita.

516 2805 562 2861 I,
599 2821 623 2867 3
631 2819 784 2870 53--3
794 2818 870 2868 59.
905 2802 1004 2866 Ipsa
1009 2801 1096 2864 sed
1112 2805 1318 2865 insomnis
1350 2802 1563 2849 inhumati
1579 2810 1700 2849 venit
1719 2810 1857 2869 imago
1881 2794 2100 2872 Corgjugis,

452 2898 529 2942 gra
564 2881 688 2927 modis
724 2877 916 2925 attollens
938 2875 1114 2940 pallida
1147 2882 1280 2932 miris,
1316 2875 1514 2923 Crudelis
1537 2895 1639 2923 aras
1662 2879 1919 2942 trqiedaque
1931 2878 2102 2943 pefflor'q

434 2962 567 3022 ferro
599 2954 820 3009 Nudavit,
855 2970 1080 3016 caecumque
1116 2953 1255 3000 domus
1274 2950 1411 3015 scelus
1432 2969 1543 2997 omne
1573 2957 1747 3008 retexi&
1788 2950 1897 2998 Tum
1919 2953 2100 3002 celerare

437 3030 605 3099 fugam
635 3037 862 3095 patriaque
897 3030 1088 3087 excedere
1109 3029 1284 3098 suadet,
1319 3025 1604 3091 auxiltumque
1637 3033 1729 3071 viae
1762 3041 1923 3074 veteres
1953 3027 2100 3078 tellure

451 3107 624 3158 recludit
641 3103 891 3167 Thesauros,
921 3112 1102 3171 ignotum
1121 3110 1289 3175 argenti
1298 3102 1458 3166 pondus
1479 3113 1519 3146 et
1539 3107 1651 3148 auri.
1721 3099 1839 3167 Qae
1862 3099 1919 3149 de
1940 3103 2098 3153 mariti

449 3179 599 3250 specie
632 3197 711 3247 per
745 3178 949 3237 somnum
984 3176 1137 3224 oblata
1172 3187 1424 3237 narrantur,
1459 3192 1484 3221 a
1506 3180 1644 3240 poeta
1673 3173 1770 3258 ipso
1791 3176 2007 3224 adornata
2030 3179 2097 3226 vi-

449 3253 635 3313 dentur,
670 3271 753 3302 nec
778 3252 1071 3312 incommode
1092 3251 1150 3298 ad
1172 3250 1346 3317 epicam
1368 3250 1541 3315 po'efin,
1576 3261 1627 3296 ut
1650 3249 1871 3311 miraculo
1892 3251 2096 3310 animum

450 3340 617 3390 teneat.
685 3328 821 3388 Forte
855 3335 1019 3395 po'etae,
1052 3340 1210 3395 praeter
1242 3326 1489 3384 historiam,
1523 3325 1714 3372 debetur
1733 3324 1872 3374 etiam
1894 3318 2011 3374 iliud
2034 3321 2106 3385 ad

449 3404 520 3454 rei
555 3405 839 3458 atrocitatem
872 3405 1095 3469 adjefium
1131 3420 1176 3450 v.
1219 3418 1311 3465 349
1350 3414 1450 3449 ante
1467 3421 1584 3448 aras.
1649 3399 1776 3458 Nam
1797 3400 1992 3465 vulgo,
1988 3418 2096 3461 curn

448 3471 664 3554 'yenatum
683 3479 879 3540 exiifl'et,
908 3495 937 3528 a
957 3479 1107 3556 fratre
1117 3475 1271 3535 uxoris
1289 3475 1461 3526 insidiis
1475 3476 1642 3544 petitus
1661 3474 1875 3528 interiiffe
1895 3462 2105 3535 Sichaeuq

1857 3549 2099 3623 traditu-r·
2069 3584 2103 3623 ·.
