2294 4030
503 300 1078 395 AENEIDos,
1147 308 1350 376 ΜΒ.
1408 309 1569 376 νιν
1714 331 1835 400 759

188 472 363 566 Qiin
388 495 449 542 et
474 501 587 542 avo
613 483 902 542 comitem
929 479 1050 539 sese
1074 478 1408 539 Mavortius
1430 480 1606 544 addet

190 593 487 654 Romulus
509 624 527 663 ς
559 593 818 654 Assaraci
841 611 1022 672 quem
1043 589 1337 670 sanguinis
1364 591 1475 650 Ilia
1502 605 1691 649 mater

188 705 445 767 Educet.
489 705 701 765 Viden’
716 720 784 765 ut
799 705 1061 785 geminae
1081 705 1230 769 stant
1251 705 1471 763 vertice
1487 703 1697 774 cristae,
1714 704 1835 781 780

188 813 272 874 Et
296 824 467 894 pater
493 812 618 892 ipse
643 811 746 872 suo
765 812 1044 892 superum
1062 813 1194 895 jam
1218 814 1405 895 fignat
1434 811 1698 873 honore?

190 925 307 998 En,
334 923 528 1006 hujuS‚
548 938 702 997 nate,
730 925 1008 1006 auspiciis
1035 927 1139 987 illa
1167 929 1387 989 incluta
1411 928 1604 988 Roma

248 1090 341 1142 778.
370 1079 588 1132 Mavertias
626 1091 749 1131 Witt.
793 1091 862 1147 sese
895 1092 1016 1140 addet,
1042 1101 1087 1131 ut
1119 1105 1224 1131 nunc
1261 1092 1423 1145 legitur,
1471 1094 1575 1134 erit:
1621 1105 1701 1133 una
1737 1101 1831 1130 cum

188 1153 289 1213 ἱρΐοξ
312 1155 354 1194 in
391 1155 519 1195 vitam
555 1155 748 1208 prodibit,
773 1155 843 1194 suo
875 1155 1021 1195 scilicet
1056 1164 1248 1207 tempore.
1307 1156 1383 1195 Sed
1417 1157 1558 1196 melius
1594 1166 1692 1209 puto
1717 1155 1826 1208 legi:

191 1219 324 1269 addin
350 1232 431 1259 una
462 1233 555 1259 cum
586 1227 700 1273 patre
732 1218 940 1258 incedebat
970 1220 1103 1258 anima
1136 1219 1314 1258 Romuli.
1356 1220 1404 1259 cf.
1430 1233 1521 1271 754.
1553 1233 1629 1270 755
1659 1229 1698 1260 et
1732 1219 1828 1259 infr.

194 1281 289 1330 864.
346 1284 400 1323 Et
433 1283 488 1323 est
519 1283 583 1324 ed.
620 1284 742 1329 Ven.,
771 1296 859 1334 quae
885 1285 959 1321 hoc
993 1281 1191 1323 exhibeat.
1262 1283 1507 1335 Transpofiti
1542 1298 1661 1336 porro
1696 1284 1831 1323 versus

166 1395 168 1397 ‚
194 1345 274 1396 778
294 1354 334 1385 et
357 1346 432 1396 77'7
454 1345 497 1384 in
513 1344 639 1385 Goth.
669 1358 730 1398 pr.
761 1351 802 1384 e't
828 1354 921 1384 tert.
938 1346 950 1365 '
1031 1346 1125 1396 780.
1154 1346 1353 1399 781.stent
1370 1347 1487 1386 multi
1507 1348 1623 1389 codd.
1653 1355 1694 1386 et
1722 1347 1834 1395 edd.‚

193 1409 306 1461 ”quod
325 1409 434 1449 redte
460 1408 634 1450 deseruit
671 1408 775 1447 Pier.
811 1416 851 1446 et
883 1421 978 1447 mox
985 1410 1116 1462 signet.
1175 1409 1330 1449 Scilicet
1359 1419 1404 1448 ut
1437 1411 1691 1463 consequutio
1728 1420 1832 1450 tem-

191 1482 339 1526 porum
367 1473 561 1514 servetur.
618 1475 678 1511 At
698 1472 777 1512 vid..
800 1475 896 1512 Var.
929 1474 1044 1511 Lect.
1079 1473 1146 1513 lib.
1183 1475 1214 1521 I,
1240 1474 1330 1522 706.
1384 1477 1537 1514 honorem
1566 1478 1735 1527 Menag.
1769 1487 1833 1527 pr.

194 1538 348 1591 itfignat
380 1536 711 1586 ιΙὶοηι.·ε------782..
738 1548 825 1575 nata
857 1536 907 1575 sc.
938 1537 1084 1584 Roma,
1109 1538 1142 1575 a‘
1168 1538 1345 1576 Romulo
1381 1538 1553 1585 condita,
1582 1538 1695 1577 malit
1733 1539 1834 1576 Bur-

194 1611 391 1648 mannus3
419 1599 566 1638 scilicet
593 1600 638 1637 u‘t
669 1598 828 1651 vulgari
864 1599 1035 1639 orationi
1062 1600 1227 1652 propior
1255 1600 1301 1640 fit
1326 1601 1479 1653 poeta?
1509 1602 1662 1641 Eadem
1701 1602 1830 1640 varie-

129 1690 130 1695 =
192 1672 255 1705 tas
287 1663 328 1702 in
363 1663 478 1702 versu
508 1661 719 1707 Enniano:
762 1663 817 1701 his
848 1674 935 1701 nata
971 1665 1130 1717 auspiciis
1166 1665 1230 1703 illa
1268 1666 1399 1704 incluta
1433 1667 1559 1714 Roma,
1601 1665 1708 1719 quod
1744 1665 1832 1704 aliis

197 1726 262 1780 En
279 1724 390 1780 hujus
408 1737 491 1767 nate
508 1724 610 1781 ausp.
627 1725 734 1778 apud
751 1726 860 1765 Serv.
882 1726 933 1765 ad
950 1727 1042 1775 VII,
1057 1726 1151 1777 678,
1168 1725 1237 1766 ubi
1257 1741 1293 1768 V.
1317 1729 1453 1767 Burm.

190 1875 219 1912 'a
241 1864 437 1913 Centum
458 1864 582 1912 cellis
613 1864 670 1911 ad
689 1881 826 1921 mare,
851 1881 974 1913 revo-

150 1958 163 1973 χ
192 1929 315 1976 cavit
347 1930 529 1977 Servius
556 1940 603 1986 et
628 1928 717 1976 viri
751 1930 874 1977 dosti
913 1931 972 1977 ad

192 1992 345 2041 Rutil.
371 1993 414 2050 Ι,
434 2009 524 2059 227
551 1993 617 2056 sq.
914 2035 917 2038 ,

256 2075 283 2122 7
291 2062 526 2123 78—781.
566 2078 654 2105 avo
689 2065 863 2106 comitem
885 2062 974 2120 st'st'

189 2122 341 2177 adden
372 2121 621 2170 secundum
645 2121 878 2169 Servium:
923 2143 974 2170 a-

115 2221 121 2225 ‹
188 2189 282 2233 vito
307 2189 398 2249 fise
422 2189 581 2251 junget
616 2191 798 2248 imperio,
843 2186 889 2234 h„
925 2203 967 2234 e.

190 2265 281 2307 una
310 2267 415 2297 cum
446 2266 533 2296 avo
565 2249 789 2314 regnabit,
823 2251 968 2297 donec

192 2309 391 2362 Romam
414 2313 597 2363 condet.
666 2313 756 2360 Sed
778 2313 857 2359 vix
880 2313 970 2362 hoc

189 2378 410 2443 ⁸loquendi
466 2377 567 2426 usus
609 2377 711 2425 fert.
764 2394 812 2425 v.
861 2377 970 2426 Var.

191 2443 320 2492 Le&
386 2445 496 2507 778.
520 2459 654 2505 quem
679 2441 807 2489 Rhea
830 2442 973 2491 Silvia

192 2507 402 2570 Trojana
440 2506 572 2570 stirpe
609 2506 803 2554 oriunda
838 2521 969 2570 partu

190 2573 312 2620 edet.
377 2571 576 2636 Affaraci
591 2587 638 2618 v.
670 2570 766 2634 sup.
790 2571 832 2626 Ι,
857 2574 966 2633 284-

193 2637 351 2691 (ἅπτει,
387 2649 438 2683 ut
468 2634 607 2682 modo
631 2652 675 2683 v.
715 2635 827 2700 765,
863 2651 967 2684 cum

191 2700 376 2749 deberet
393 2701 503 2747 effe:
527 2698 687 2761 pariet.
718 2703 830 2764 780.
899 2701 970 2747 En

192 2764 455 2814 bellicosum
491 2763 583 2810 viri
611 2762 660 2820 in
692 2762 844 2810 enium
874 2765 970 2826 jam

192 2841 314 2878 nunc
336 2826 546 2877 militaris
564 2826 654 2876 viri
705 2826 849 2875 abitus
873 2831 886 2888 ζ
891 2845 970 2893 ga-

192 2896 264 2943 lea
281 2893 476 2958 'duplici
508 2891 655 2948 crista,
695 2893 862 2954 δίφαλον
899 2893 971 2941 vel

148 3019 149 3022 Ἰ
184 2957 558 3020 Βίλοφοράἰοετεε)
587 2957 801 3005 declarat.
835 2959 968 3021 stent,

147 3023 149 3027 ’
194 3025 300 3078 fint,
353 3035 405 3070 ut
443 3020 555 3070 alibi
594 3036 792 3086 quoque.
858 3025 969 3085 781,

194 3087 317 3154 Qis
341 3101 400 3135 ex
434 3085 572 3133 variis
603 3086 778 3136 ordinis
811 3086 970 3132 verbo-

196 3168 297 3200 rum
331 3167 385 3199 ac
416 3149 564 3198 sensus
588 3148 786 3198 faciendi
823 3149 971 3196 modis

192 3231 326 3266 verus
345 3215 416 3272 fit,
437 3211 731 3262 vixdefiniaS.
796 3212 972 3261 Servius

194 3294 302 3329 acce
333 3280 399 3327 it:
432 3293 536 3326 eum
562 3282 782 3342 superum,
814 3277 971 3333 deum,

197 3356 252 3394 ut
350 3353 393 3391 rs
406 3354 534 3407 pater
545 3341 600 3391 fit
622 3342 827 3391 Romuli.
867 3340 971 3388 Pos-

199 3408 254 3457 fit
272 3408 412 3458 etiam
423 3411 502 3470 suo
512 3410 712 3470 fitperum
732 3406 901 3463 bonore,
925 3405 973 3453 h.

198 3488 243 3521 e.
285 3471 466 3528 divino,
507 3484 612 3519 eum
648 3471 819 3535 {ignare
846 3480 974 3535 pater

191 3535 344 3605 cmm,

1056 1867 1179 1929 quod
1197 1878 1242 1913 et
1265 1867 1412 1913 Cerda
1430 1868 1645 1931 sequitur,
1681 1868 1739 1914 Et
1746 1880 1831 1930 pa-

1056 1945 1123 1977 ter
1132 1936 1352 1994 superum,
1394 1931 1590 1994 Jupiter,
1627 1938 1706 1994 ipſs
1741 1952 1832 1978 eum

1039 1998 1142 2058 jam
1148 1998 1301 2059 signat
1320 1997 1463 2043 honore
1469 2003 1570 2057 J2'103
1619 2013 1736 2042 nunc
1763 2009 1830 2041 ta-

1055 2075 1158 2105 men
1175 2061 1336 2107 iterum
1349 2061 1608 2124 ambiguum
1626 2059 1704 2114 est,
1720 2060 1829 2106 fitne

1052 2122 1178 2170 honor
1210 2124 1338 2185 Jovis
1371 2142 1425 2170 an
1467 2124 1684 2172 Romuli?
1721 2124 1831 2170 fitne

1052 2186 1384 2243 immortalitas,
1429 2188 1516 2234 viri
1553 2188 1751 2252 dignitas
1783 2199 1829 2234 et

1046 2250 1189 2298 virtus
1204 2253 1403 2315 corporis
1415 2253 1430 2298 ?
1444 2252 1829 2316 Simpliciflimum

1048 2316 1228 2363 videtur
1270 2318 1326 2363 fic
1357 2318 1584 2379 accipere:
1630 2316 1828 2372 videsne,

1048 2387 1100 2426 “ut
1121 2379 1316 2427 animam
1340 2380 1583 2443 aliquando
1603 2380 1651 2426 in
1669 2396 1829 2444 corpus

1050 2443 1329 2506 prodituram
1374 2445 1556 2509 Jupiter
1589 2445 1682 2506 jam
1718 2445 1828 2493 hinc

1051 2507 1207 2555 divina
1241 2509 1442 2571 corporis
1474 2503 1693 2571 majestate
1716 2525 1826 2555 con·-

1052 2572 1251 2635 spicuam
1276 2573 1441 2629 reddit,
1477 2573 1650 2619 scilicet
1673 2585 1740 2627 ut,
1775 2573 1825 2619 in

1049 2637 1375 2684 immortalium
1442 2653 1675 2684 numerum
1727 2654 1826 2684 eam

1052 2700 1298 2764 aliquando
1346 2713 1571 2764 receptum
1613 2700 1691 2757 iri,
1730 2703 1826 2763 jam

1051 2781 1174 2812 nunc
1197 2764 1477 2812 manifestum
1510 2765 1576 2811 fit.
1648 2766 1723 2812 An
1741 2765 1826 2812 du-

1051 2829 1154 2893 plex
1177 2829 1306 2877 crista
1330 2829 1376 2875 in
1402 2830 1528 2892 galea
1550 2829 1713 2876 Martis
1744 2829 1827 2877 ali-

1053 2894 1178 2956 quod
1250 2893 1474 2957 peculiare
1526 2891 1698 2956 infigne
1752 2893 1824 2950 fit,

1051 2956 1235 3012 dubito,
1252 2973 1331 3005 nec
1350 2974 1405 3004 ex
1427 2958 1534 3005 Val.
1557 2957 1688 3004 Max.
1709 2956 1750 3011 I,
1777 2961 1825 3014 8,

1053 3025 1083 3071 6
1119 3021 1276 3068 doceri
1309 3022 1426 3086 poffe
1458 3034 1584 3086 puto.
1650 3022 1827 3068 Ornant

1051 3102 1159 3140 una,
1214 3085 1348 3139 binae,
1405 3086 1549 3141 trinae,
1602 3097 1827 3149 quaternae

1052 3150 1207 3198 cristae.
1274 3152 1339 3196 At
1382 3150 1477 3213 ipsa
1506 3150 1630 3214 galea
1667 3165 1823 3214 perpe-

1051 3226 1199 3268 tuum,
1234 3226 1448 3277 quantum
1483 3213 1690 3270 memini,
1730 3215 1827 3260 Ro-

1054 3277 1165 3325 muli
1185 3277 1370 3342 infigne.

1118 3343 1389 3405 782—788.
1430 3339 1596 3388 Versus
1636 3338 1826 3389 ornatis-

1052 3406 1169 3454 fimi.
1236 3405 1408 3454 Primus
1483 3409 1540 3455 82
1579 3420 1637 3453 ex
1675 3404 1830 3454 Ennio

1053 3469 1286 3517 transsatus
1315 3470 1433 3535 apud
1480 3468 1612 3518 fidor.
1636 3467 1830 3526 XVIII,

429 3533 519 3585 Sed
565 3533 847 3601 probabilius
896 3534 977 3593 est,
1061 3551 1103 3584 1.
1171 3535 1282 3598 783.
1317 3549 1452 3600 quam
1473 3533 1708 3602 magnifice
1725 3549 1829 3597 pro,

1123 3614 1150 3663 3
1175 3598 1211 3647 B
1235 3612 1263 3647 2
1614 3597 1833 3649 condetur
