2372 4030
162 1329 164 1331 Ι
184 1342 334 1404 ξ-6,
351 1345 426 1382 inde
445 1342 607 1383 Zulich.
627 1357 651 1382 a
667 1354 725 1382 m.
742 1357 802 1398 pr.

92 2153 99 2157 ’
186 2137 347 2200 poeta,

0 2803 3 2812 “
12 2747 17 2757 Δ.
0 2675 11 2682 ι’
0 2642 6 2664 0¹
0 2410 19 2630 ·κὛπ-πφμιτ
0 2379 5 2383 ’
0 2305 13 2341 ··-,
11 2256 13 2259 ,
0 2226 1 2231 ⁴
0 2149 3 2165 Ἀ

526 339 541 347 ’
582 331 1103 426 AE-NEIDOS,
1167 355 1353 417 LIB.
1426 352 1479 420 1ss

1789 377 1843 449 ς.

188 504 266 574 Vi
292 485 592 593 supeithm
636 509 810 572 saevae
839 530 1174 576 memorem
1204 517 1456 594 Junonis
1475 523 1598 582 ob
1581 539 1769 590 lram:

187 619 393 687 Multa
445 641 684 708 quoque
732 643 791 687 et
846 630 1005 688 bello
1051 630 1263 710 passus»,
1332 635 1480 696 dum
1545 642 1824 706 conderet

352 729 586 812 urbem,

1785 772 1820 837 5

182 845 551 931 Inferretque
578 851 718 911 deos
749 850 925 936 Latio
945 883 962 922 ;
1004 872 1190 933 genus
1218 857 1373 917 unde
1401 859 1702 937 Latinum,

188 967 530 1048 Albanique
556 981 774 1047 patreS,
815 982 992 1047 atque
1012 970 1146 1027 altae
1171 973 1394 1030 moenia
1425 972 1659 1036 Romae.

271 1078 470 1153 Musa,
499 1080 664 1139 mihi
692 1077 911 1138 cauffas
942 1101 1225 1155 memora,
1254 1103 1374 1162 quo
1393 1087 1634 1146 numine
1663 1089 1824 1166 laes0,

238 1291 279 1327 4.
297 1286 330 1318 et
341 1271 547 1330 antesaevae
560 1277 789 1319 auetoribus
805 1279 915 1319 libris
935 1287 974 1320 et
993 1281 1081 1321 edd.
1101 1290 1183 1322 ant.
1205 1281 1347 1335 abjecst
1365 1285 1504 1324 Heius.
1521 1287 1606 1338 post
1626 1288 1817 1330 Pierium.

189 1481 269 1530 Sic
330 1495 415 1531 et
453 1481 630 1529 Graeci.
738 1482 965 1545 Exempla

187 1546 444 1596 cumulavit
483 1546 698 1594 Guellius
741 1548 800 1594 ad
845 1549 890 1594 h.
931 1549 964 1596 1.

187 1678 395 1740 AEschyl.
432 1679 606 1743 Agam.
632 1679 742 1725 161.
771 1677 845 1725 Ad
869 1696 967 1726 rem

187 1745 252 1791 cf.
278 1745 391 1793 AEn.
406 1744 472 1798 V,
488 1747 582 1812 781
606 1743 703 1807 sqq.
749 1745 965 1807 Revoca-

188 1820 264 1856 tur
277 1821 432 1858 autem
446 1805 536 1856 hoe
554 1808 680 1856 versu
694 1825 846 1857 rerum
860 1827 966 1856 nar-

187 1887 390 1922 ratarum
431 1874 547 1921 ordo
572 1874 665 1920 ad'
654 1886 966 1923 mterventum

190 1939 385 2002 Junonis
401 1951 448 1987 et
461 1953 733 1988 caeterorum
749 1940 966 1988 deorum·

185 2007 239 2053 de
257 2023 434 2068 quorum
452 2008 713 2068 ministeriis,
753 2022 853 2069 quae
891 2006 967 2052 hie

188 2070 354 2118 statim
392 2070 453 2118 ab
518 2069 654 2117 initio
721 2070 965 2136 pollicetur

424 2153 472 2184 v.
541 2135 736 2183 Excurs.
786 2136 841 2184 1*
908 2137 967 2183 ad

186 2202 236 2250 h.
265 2218 316 2249 v.

236 2281 400 2342 5—7.
411 2263 578 2313 Multa
603 2283 788 2330 quoque
806 2269 966 2330 paffics,

182 2330 331 2380 etiam
351 2329 478 2380 bello.
497 2332 793 2395 Qamquam
811 2351 968 2395 quoque

183 2411 229 2445 et
272 2412 360 2461 pro
393 2396 588 2469 fimplici
628 2416 784 2460 quoque
823 2398 964 2445 etiam

187 2462 298 2514 alibi
343 2460 564 2510 occurrit.
632 2465 730 2509 dum
775 2466 965 2510 conderet

184 2526 345 2583 urbem,
359 2526 508 2575 donee
526 2527 774 2575 Lavinium
799 2528 961 2575 condi-

186 2592 259 2640 dit
279 2591 522 2668 sedemque
534 2591 635 2644 ibi
626 2593 812 2659 umperii
836 2594 965 2648 fixit3

181 2657 318 2720 cujus
334 2657 401 2707 rei
414 2657 591 2722 fignum
607 2675 684 2705 cer
689 2658 918 2712 tiffimum,
938 2660 967 2705 fi

184 2723 341 2842 patria
355 2723 526 2787 religio
547 2723 748 2771 instituta
768 2725 848 2778 est,
881 2742 967 2771 un-

268 2789 585 2855 :Ifferretque
601 2791 693 2836 deos
716 2789 863 2837 Latio.
901 2790 964 2836 cf.

178 2852 322 2910 XII,
326 2869 446 2919 194.
468 2870 564 2918 quo
586 2854 727 2902 etiarn
766 2854 967 2918 splendi-

187 2919 309 2969 dior
313 2919 443 2971 ἕιᾶα
462 2921 526 2968 est
555 2920 734 2968 oratio:
772 2937 910 2983 quam
937 2920 969 2967 fi

187 2984 241 3033 in
251 2981 516 3038 Lernaeum
529 2983 774 3033 consedisse
789 2985 968 3032 audias.

172 3051 427 3099 Caeterum
456 3047 512 3100 in
525 3050 616 3099 hoc
639 3062 688 3099 et
720 3049 815 3115 seq.
838 3051 971 3098 versu

186 3117 328 3180 poeta
365 3113 522 3179 operis
559 3115 872 3164 eharaEterem
913 3132 970 3162 ex

186 3181 280 3230 fine
301 3179 535 3245 propofito
554 3178 634 3229 [αἱ
639 3198 659 3228 s
681 3179 969 3229 declaravit:

186 3245 344 3295 sedem
381 3261 576 3294 novam
592 3244 651 3294 in
680 3245 841 3299 Italia,
876 3246 974 3309 post

150 3319 153 3322 ’
187 3309 440 3367 toleratos
428 3327 480 3363 ιιι
494 3310 727 3359 erroribus
746 3323 794 3359 et
810 3311 860 3359 in
874 3311 972 3374 ipso

187 3377 367 3427 aeeefl'u
388 3375 570 3424 labores
602 3387 651 3424 et
684 3373 966 3425 discrimina.

174 3439 550 3518 ,Ιιιιρφι-ωιιιιιιι
536 3454 694 3506 traque
710 3441 793 3496 est,
812 3441 975 3488 Achil-

165 3506 261 3566 slis
273 3504 390 3558 -irati
412 3507 739 3559 vehementem
761 3506 977 3554 affeetum

917 1343 954 1385 8.
972 1361 1035 1416 guo

1052 1362 1086 1386 n.
1107 1349 1191 1400 laestz
1218 1349 1318 1401 conj.
1338 1349 1524 1403 Scioppii.
1543 1351 1609 1391 sed
1629 1365 1668 1391 v.
1686 1354 1825 1394 Heins-

1044 1487 1184 1548 poeta
1207 1486 1424 1534 exhibere
1449 1488 1594 1537 noluit
1620 1506 1704 1538 nec
1739 1491 1823 1539 de-

1044 1550 1160 1598 buit.
1232 1553 1297 1599 At
1335 1553 1447 1600 illud
1470 1555 1691 1617 praeclaro
1715 1573 1823 1605 cum

118 1622 120 1628 ⁴
190 1613 370 1661 Sufficit
409 1616 571 1667 unum,
633 1616 803 1671 μνάμων
855 1637 931 1671 μη
917 1635 969 1660 m
1041 1616 1254 1676 judicio
1241 1635 1288 1664 m
1311 1618 1461 1681 prima
1498 1620 1642 1667 statim
1673 1621 1824 1669 fronte

1047 1682 1163 1744 egit,
1183 1682 1307 1746 quod
1325 1700 1477 1731 rerum
1494 1685 1823 1734 narrandarum

1046 1748 1267 1795 summam
1292 1748 1349 1795 ad
1381 1750 1697 1797 Romanorum
1727 1752 1823 1799 ori-

1045 1813 1203 1876 ginem
1262 1814 1456 1862 retraxit
1512 1831 1565 1862 ac
1611 1816 1822 1871 deduxit,

1046 1878 1254 1941 adeoque
1299 1879 1591 1942 popularium
1637 1881 1820 1929 suorum

1047 1943 1238 1991 studium
1265 1944 1480 1990 audiendi
1503 1946 1737 1993 excitavit.
1758 1947 1822 1993 cf.

1045 2008 1250 2071 Disquis.
1298 2011 1342 2063 Ι,
1392 2009 1450 2056 de
1491 2012 1648 2057 Carm.
1687 2010 1822 2074 epico

1046 2074 1077 2121 s,
1106 2074 1199 2121 IX.
1237 2075 1507 2138 Inserretque
1546 2080 1639 2122 deos
1677 2078 1823 2130 Latio,

1046 2139 1237 2186 inferret
1295 2140 1342 2185 in
1398 2141 1587 2187 Latium
1636 2154 1824 2204 penates

1046 2204 1196 2265 Troja
1239 2204 1468 2252 advefios.
1539 2206 1583 2252 A
1621 2223 1688 2259 re,
1723 2223 1824 2269 quae

1047 2270 1319 2332 religionem
1374 2282 1420 2317 et
1478 2271 1824 2318 venerationem

1047 2334 1203 2389 habet,
1245 2337 1464 2383 aceeffum
1511 2338 1671 2383 AEneae
1706 2353 1824 2398 prae-

1045 2401 1170 2447 clare
1191 2399 1413 2463 designat.
1486 2401 1625 2454 Unde,
1657 2400 1736 2447 alii
1766 2400 1825 2448 ad

1047 2467 1221 2512 Laiium
1245 2478 1291 2512 et
1332 2466 1388 2512 ad
1428 2464 1569 2513 urbem
1606 2467 1822 2520 retulere,

1047 2530 1125 2578 alii
1167 2530 1225 2577 ad
1247 2532 1460 2584 AEneam,
1496 2531 1698 2578 Melius:
1733 2550 1823 2593 qua

1046 2614 1101 2644 ex
1140 2615 1204 2649 re,
1239 2615 1315 2659 quo
1332 2601 1510 2660 fastum
1542 2598 1614 2658 est,
1648 2608 1698 2643 ut
1727 2595 1821 2642 Ab-

1047 2661 1252 2724 origines
1278 2677 1382 2708 cum
1418 2660 1636 2721 Trojanis
1658 2661 1824 2723 aequati

1049 2726 1284 2773 communi
1313 2726 1600 2772 Latinorum
1640 2725 1824 2773 nomine

1051 2791 1459 2854 smtcomprehenfi
1484 2791 1571 2852 (cf.
1575 2791 1685 2837 AEn.
1706 2791 1822 2843 ΧΠ,

1053 2862 1142 2919 823
1164 2857 1228 2919 sq.
1238 2859 1279 2916 ),
1305 2868 1356 2903 ut
1389 2855 1447 2902 ab
1472 2854 1667 2903 Ascanio
1700 2854 1822 2901 Alba

1051 2922 1101 2968 fit
1126 2921 1329 2975 condita,
1348 2933 1396 2967 et
1419 2937 1476 2967 ex
1517 2919 1613 2981 ejus
1635 2918 1823 2983 posteris

1049 2985 1169 3033 urbis
1214 2988 1362 3034 Romae
1402 2986 1628 3032 conditores
1669 2996 1821 3031 ortum

1050 3052 1318 3099 habuerint.
1363 3049 1523 3097 Albam
1537 3063 1688 3095 autem
1707 3048 1825 3096 bene

1052 3118 1111 3164 ab
1149 3115 1335 3163 Albanis
1362 3112 1563 3178 patribus
1596 3113 1822 3176 designat,

1051 3183 1099 3229 h·
1125 3198 1167 3228 e.
1187 3181 1360 3233 senatu,
1381 3192 1613 3241 tamquam
1637 3194 1663 3223 a
1688 3178 1821 3225 nobi-

1051 3246 1168 3294 liore
1179 3245 1335 3310 opuh
1350 3255 1497 3306 parte
1515 3242 1577 3290 cf
1595 3243 1686 3295 IV,
1705 3243 1820 3293 682.

1051 3312 1305 3375 V11,727.
1331 3311 1506 3355 Romam
1546 3322 1700 3354 aurem
1737 3324 1823 3370 per

1051 3376 1159 3423 altae
1200 3380 1360 3424 mania
1399 3372 1822 3486 Romae‚p1e1riore

1053 3457 1149 3490 ore.

1123 3510 1168 3552 8.
1203 3503 1351 3564 Musa,
1385 3502 1492 3549 mihi
1531 3521 1568 3549 c.
1609 3518 1820 3548 memora:

186 3572 243 3624 in
277 3570 481 3622 AEneide
522 3571 802 3627 defiderare,
829 3586 1023 3635 quem
1046 3569 1188 3619 Nam
1219 3581 1326 3632 quae
1337 3566 1530 3616 deorum
1562 3565 1826 3614 interventu

156 3659 175 3702 q
236 3637 402 3688 Tou.
438 3637 509 3686 Π.

1126 3634 1172 3682 Α
1742 3641 1823 3677 aut
