2294 4030
2271 147 2294 186 -1‘2
2271 50 2294 142 ἑίῆζνΐῖῒ
2268 0 2294 42 13ss

2278 341 2294 376 '-„-
2269 191 2294 322 “,.ῖς,ωκ“

490 395 595 459 312
813 355 1892 432 EXCURsUs*xv.XV1

491 541 657 589 ceffum
697 556 723 588 e
753 538 901 602 Troja
939 544 1184 601 acceperat.
1253 529 1403 596 Atqui
1425 529 1475 577 in
1495 529 1704 592 sequente
1723 525 1847 574 libro
1866 522 2054 572 AEneam
2082 515 2132 568 in

496 614 718 670 Thracia,
736 629 845 662 mox
866 612 915 661 in
933 612 1072 661 Creta
1089 607 1316 658 considere
1332 603 1615 659 videbimus,
1635 599 1866 670 Hesperiae
1877 610 1923 646 et
1945 594 2132 651 Tiberis

494 689 627 752 plane
646 688 976 742 immemorem,
997 700 1143 748 neque
1163 679 1398 729 oraculum
1422 668 1714 742 Apollinis-ih
1737 673 1857 721 Delo
1877 683 2133 736 acceptum,

497 778 580 810 nec
604 761 840 811 Penatium
865 758 1091 807 monitum
1114 755 1163 804 in
1180 754 1301 802 hunc
1322 750 1492 800 sensum
1515 749 1900 814 interpretantem,
1921 743 2045 808 quod
2062 755 2132 790 ta-

499 854 603 885 men
638 837 786 884 facere
817 835 984 882 necess‘e
1017 843 1113 879 erat
1146 830 1209 886 ei,
1245 828 1325 892 qui
1357 828 1455 876 haec
1490 843 1548 874 ex
1582 826 1782 889 conjuge
1818 821 1895 870 sua
1915 819 2135 867 audierat.

501 911 752 977 Qomodo
774 926 910 974 porro
930 908 1105 955 claffem
1133 920 1289 970 parare
1316 911 1523 968 poterant
1559 899 1652 957 111,
1687 917 1712 966 7
1750 899 1911 946 Incerti
1933 914 2008 960 quo
2021 899 2136 959 fata

470 1046 475 1049 ,
495 989 693 1044 trahant,
716 986 936 1051 ubiststere
956 986 1115 1032 detur?
1148 993 1195 1028 et
1218 983 1274 1044 87
1293 980 1436 1042 *Qem
1453 979 1708 1044 st’quimur?
1744 993 1877 1041 quove
1897 979 1957 1020 ire
1962 969 2092 1038 jubes
2108 974 2136 1028 μ’

498 1062 577 1111 ubi
593 1076 738 1127 ponere
745 1062 904 1123 sedes?
933 1057 990 1105 In
1016 1055 1240 1105 Servianis
1269 1055 1363 1118 jam
1394 1052 1506 1100 olim
1540 1050 1667 1098 fuiffe
1687 1049 1886 1104 videtur,
1920 1044 2001 1111 qui
2040 1044 2136 1116 haec

497 1136 849 1200 deprehenderet
869 1149 881 1180 :
904 1133 947 1179 C
947 1153 1002 1180 ur
1019 1152 1132 1197 ergo,
1155 1129 1324 1194 inquit,
1346 1128 1520 1178 AEneas
1536 1126 1678 1186 horum
1696 1139 1777 1173 mn
1798 1128 1979 1170 meminit
1998 1133 2040 1168 et
2051 1138 2139 1168 con-

482 1213 595 1273 fidit
610 1218 654 1257 in
678 1208 870 1257 Thracia
890 1222 929 1255 et
958 1206 1055 1255 aliis
1079 1207 1173 1255 locis
1189 1210 1216 1253 ἒ
1281 1204 1342 1252 Et
1363 1204 1419 1251 ad
1441 1201 1535 1259 III,
1554 1218 1570 1250 1
1583 1206 1634 1250 81
1659 1198 1796 1248 etiam
1816 1197 1927 1250 alios
1947 1195 2026 1245 hic
2047 1195 2154 1249 hae-‚

500 1284 594 1332 fiffe
625 1283 830 1331 intellexi
867 1299 892 1329 e
931 1280 1086 1330 Burm.
1130 1291 1253 1328 nota.
1323 1278 1468 1326 Potest
1507 1289 1657 1324 tamen
1689 1271 1886 1338 aliquid,
1927 1287 2010 1320 nec
2049 1270 2140 1319 fine

501 1358 672 1414 colore,
690 1355 946 1421 responderi
961 1371 972 1402 :
998 1354 1123 1419 quod
1138 1357 1337 1418 Hesperia
1351 1353 1438 1402 five
1455 1351 1594 1401 Italia
1610 1361 1726 1398 terra
1739 1360 1836 1398 tum
1848 1358 1945 1396 erat
1959 1346 2139 1412 ignota,

501 1432 686 1480 obscuri
714 1430 911 1479 nominis
930 1442 976 1478 et
994 1430 1145 1495 ignoti
1179 1429 1302 1484 fitus,
1324 1429 1470 1476 multo
1499 1426 1645 1492 magis
1667 1424 1853 1473 Tiberis
1876 1442 1891 1481 ;
1932 1425 2053 1482 unde
2081 1421 2141 1479 de

500 1523 555 1554 eo
578 1525 667 1555 non
690 1507 806 1554 male
835 1505 918 1553 inf.
943 1505 1029 1555 lib.
1055 1505 1121 1561 V,
1155 1510 1210 1566 83
1250 1506 1492 1568 Ausonium,
1540 1502 1797 1566 quicunque
1837 1502 1918 1557 est,
1957 1520 2141 1566 quaerere

503 1581 709 1645 Thybrim
726 1602 745 1639 ‚·
789 1581 1000 1644 quodque
1021 1579 1203 1627 Creusae
1237 1579 1481 1635 monitum,
1515 1590 1566 1626 ut
1590 1577 1733 1625 solent
1754 1593 1821 1625 res
1843 1576 2044 1632 obscurae
2063 1586 2144 1624 aut

503 1657 652 1702 minus
688 1654 961 1718 probabileS,
999 1671 1156 1719 parum
1198 1654 1286 1701 alte
1318 1653 1368 1701 in
1399 1653 1555 1702 AEneae
1582 1651 1784 1707 animum
1817 1651 2142 1707 descenderat3

504 1747 596 1777 non
619 1728 762 1792 magis
784 1744 836 1774 ac
860 1729 1114 1776 Caffandrae
1133 1727 1400 1775 vaticinium
1424 1727 1504 1775 lib.
1536 1725 1628 1781 III,
1657 1731 1743 1789 183
1768 1727 1864 1792 sqq.
1895 1719 1900 1725 ’
1934 1726 2074 1779 Unde
2095 1739 2143 1775 et

507 1804 726 1852 Anchises
747 1802 815 1849 ibi
852 1803 1063 1866 adjungit
1086 1820 1134 1851 v,
1165 1805 1268 1852 186.
1301 1821 1316 1851 1
1331 1806 1385 1868 87
1424 1803 1514 1849 Sed
1529 1809 1616 1868 quis
1637 1803 1700 1849 ad
1717 1803 1927 1866 Hesperiae
1946 1815 2146 1852 venturos

502 1882 645 1926 littora
676 1875 851 1926 Teucros
885 1880 1063 1925 crederet
1080 1879 1102 1925 !
1174 1877 1302 1924 Bona
1324 1876 1383 1922 est
1415 1874 1464 1922 in
1486 1874 1601 1923 hanc
1624 1875 1716 1924 fere
1752 1873 2016 1924 sententiam
2037 1886 2145 1924 nota

507 1952 824 2002 Holdsworthi
859 1970 906 2016 p.
934 1951 1045 2014 236.
1071 1952 1133 1999 cf.
1158 1968 1202 2016 p.
1230 1967 1340 2014 232.

914 2092 1488 2142 EXCURSUS
1573 2092 1715 2143 XVI.

573 2215 640 2272 Π,
668 2221 751 2265 801
782 2216 972 2280 Jamque
993 2220 1116 2282 jugis
1130 2221 1313 2279 summae
1334 2214 1544 2282 surgebat
1566 2216 1741 2277 Lucifi’r
1768 2215 1859 2263 Idae
1878 2214 2151 2283 Ducebatque

505 2291 626 2337 diem.
696 2289 826 2337 Noto
859 2291 1095 2353 poetarum
1121 2307 1247 2338 more
1268 2290 1407 2337 sidera
1445 2289 1677 2337 montibus
1698 2289 1909 2338 oriuntur
1929 2292 2000 2339 vel
2020 2291 2148 2340 occi·
2252 2336 2273 2346 ,¹

507 2365 654 2422 dunt3
696 2383 740 2412 v.
780 2381 822 2413 c.
859 2365 1081 2428 Apollon.
1111 2366 1155 2421 Ι,
1193 2382 1331 2428 1273,
1369 2381 1506 2428 quem
1528 2377 1675 2412 autem
1697 2365 1836 2412 alium
1860 2382 1995 2429 quam
2016 2367 2148 2415 Idam
2191 2401 2194 2405 -
2254 2413 2260 2421 ,
2288 2352 2290 2354 V

509 2449 709 2484 montem
727 2454 974 2490 memorare
995 2439 1041 2487 h.
1064 2441 1291 2505 l.spoterat
1314 2440 1484 2502 poeta?
1522 2438 1592 2486 Ita
1616 2437 1778 2503 Eurip.
1801 2439 1978 2489 Troad.
2007 2443 2146 2491 1068.

508 2513 639 2560 Idam
676 2517 851 2577 τέρμονα
885 2517 1142 2576 vect-reficiam
1165 2515 1270 2578 ἁλίῳ
1292 2514 1446 2560 eadem
1479 2513 1654 2561 ratione
1677 2527 1913 2564 memorat.
1981 2516 2148 2564 Gram-

509 2587 666 2634 matici
687 2599 835 2635 tamen
865 2590 1051 2658 alteram
1073 2591 1201 2637 illam
1224 2588 1438 2644 formam,
1477 2588 1562 2636 tibi
1589 2592 1734 2653 destrit
1766 2592 1968 2654 Hesperus
1998 2593 2152 2640 Oetam

510 2661 632 2708 VIII
655 2663 756 2710 Ecl.
782 2680 861 2724 30,
883 2675 1189 2727 comparantes
1209 2662 1336 2727 super
1357 2662 1440 2709 Ida
1460 2672 1740 2726 argutantur.
1801 2664 2023 2731 Pompon.
2040 2666 2150 2716 Sab.

508 2738 567 2785 ad
588 2738 633 2784 h.
652 2738 683 2785 l.
710 2738 917 2802 Describit
935 2740 1059 2795 diem,
1097 2759 1187 2786 cum
1202 2738 1278 2801 sol
1308 2745 1352 2785 in
1389 2744 1521 2785 ariete
1551 2742 1604 2802 ςβ
1619 2760 1637 2797 ;
1675 2754 1763 2788 tum
1798 2744 1972 2790 videtur
1998 2747 2105 2791 oriri
2127 2763 2153 2790 e

507 2819 713 2860 cacumine
741 2819 883 2859 montis
920 2813 1041 2860 Idae.
1107 2813 1223 2879 Ergo
1243 2825 1282 2858 et
1304 2816 1438 2875 mense
1459 2813 1627 2861 Martio
1646 2817 1810 2878 direpta
1825 2821 1969 2880 ftcerit
2000 2815 2150 2884 Trqja.

509 2885 585 2933 De
606 2887 692 2933 hoc
714 2886 920 2950 quidem,
965 2887 1087 2951 quod
1125 2887 1286 2934 ultimo
1322 2886 1427 2933 loco
1451 2887 1663 2951 positum,
1706 2889 1837 2937 aliter
1874 2891 2159 2947 tradiderant.

511 2975 699 3018 veteres,
721 2979 765 3010 v.
812 2961 1064 3010 Excursum
1089 2962 1146 3009 ad
1172 2961 1253 3010 lib.
1291 2960 1364 3007 ΙΙΙ
1389 2963 1535 3026 princ.
1605 2958 1749 3030 Qod
1778 2965 1836 3013 ad
1872 2967 1996 3032 prius
2036 2967 2153 3027 illud

509 3037 689 3093 attinet,
733 3052 789 3082 an
810 3046 963 3084 verum
986 3037 1039 3084 fit
1070 3037 1139 3093 id,
1182 3035 1306 3101 quod
1338 3032 1443 3085 satis
1463 3037 1695 3086 subtiliter
1713 3053 1888 3099 enarrat
1912 3041 2154 3100 Gramma-

509 3109 646 3167 ticus,
713 3109 877 3158 nescio.
946 3111 1012 3157 At
1054 3110 1172 3158 illud
1203 3104 1311 3157 ‘satis
1355 3112 1546 3169 constat,
1602 3118 1787 3176 poe'tam
1820 3131 1915 3164 non
1953 3114 2012 3172 de
2050 3114 2153 3175 Sole

506 3185 585 3238 sed
607 3186 665 3233 de
687 3184 878 3232 Veneris
895 3186 1016 3232 stella
1036 3185 1179 3249 loqui.
1238 3185 1381 3233 Aliud
1401 3186 1524 3234 circa
1540 3187 1645 3236 solis
1661 3200 1814 3238 ortum
1827 3189 2154 3258 phaenomepon

507 3271 788 3308 memoratur
806 3275 863 3306 ex
894 3271 1048 3307 monte
1071 3259 1174 3317 Ida,
1204 3259 1281 3307 sed
1311 3276 1403 3308 non
1440 3260 1522 3308 nisi
1559 3262 1683 3311 circa
1715 3262 1954 3320 Caniculae
1983 3278 2155 3323 ortum,

509 3336 632 3399 apud
650 3334 849 3383 Diodor.
882 3334 1050 3392 XVII,
1075 3353 1118 3400 7.
1162 3346 1208 3381 et
1230 3334 1414 3385 Lucret.
1438 3335 1506 3394 V,
1552 3338 1643 3387 662
1670 3337 1768 3405 sqq.
1808 3339 1917 3388 vide
1934 3338 2060 3400 Vefl'.
2095 3329 2156 3392 ad

508 3407 683 3456 Melam
704 3408 787 3455 lib.
802 3409 846 3466 Ι,
863 3425 906 3456 c.
927 3426 944 3456 1
957 3412 1002 3458 8.
1058 3409 1302 3472 Lucifirum
1323 3419 1493 3464 autem,
1509 3409 1583 3459 seu
1599 3410 1794 3471 Veneris
1813 3414 2001 3473 stellam,
2017 3395 2157 3474 etiam

509 3497 616 3530 cum
639 3481 831 3545 respefiu
855 3481 1024 3530 fabulae
1045 3481 1305 3537 memorass‘e
1327 3483 1511 3534 videtur
1529 3500 1556 3531 a
1579 3484 1736 3533 Servio
1758 3484 1804 3535 et
1821 3485 2030 3542 Varrone
2059 3470 2157 3539 lau.-

511 3556 645 3604 datae.
713 3556 896 3604 Stellam
913 3555 1034 3603 enim
1054 3555 1185 3603 iliam
1197 3555 1256 3602 ab
1278 3555 1441 3614 Ainea,
1461 3558 1608 3606 donec
1625 3558 1684 3606 ad
1706 3558 1976 3609 Laurentem
1997 3576 2158 3625 agrum

507 3629 714 3687 veniss‘et,
737 3629 907 3695 semper
922 3629 1052 3680 fuiss'e
1072 3629 1235 3688 visam,
1257 3638 1486 3682 narratum
1507 3632 1586 3685 est.
1649 3632 1729 3684 Est
1739 3634 1895 3700 *aliqua
1919 3640 2160 3701 poetarum

2091 3723 2168 3759 3ss

2268 3995 2275 3998 ι

2277 3931 2294 4030 ..ι-,ρᾳ-
2293 3903 2294 3914 ⁴„
