2294 4030
447 343 597 450 442*⁴
860 361 1486 427 Exc‘uRsus
1555 339 1699 427 'xv‘

450 534 650 585 debuisse
664 531 863 582 videtur.
926 531 1080 596 Igitur
1097 543 1243 580 manet
1259 531 1367 588 hoc,
1401 531 1635 602 antiquam
1652 532 1849 596 aliquam
1873 531 2098 592 fabulam,

453 629 556 678 quae
575 627 697 659 nunc
719 621 827 658 nota
846 612 938 656 norl
952 610 1029 665 est,
1063 609 1121 662 de
1143 607 1338 657 Tarenti
1358 598 1618 699 originibus
1641 608 1838 676 Eerculi
1861 608 2100 682 adscripti³

455 692 606 754 Ροὲῑεε
625 685 673 734 h.
695 685 730 733 l.
751 684 803 732 in
823 683 978 733 animo
995 683 1139 732 fuifl'e.

897 826 1477 896 Excunsus
1547 828 1664 886 xv.

1075 919 1437 979 .DeAEtna.
1595 910 1607 927 Χ

527 1031 622 1091 ΠΙ,
646 1048 894 1098 571--577
932 1033 1019 1088 Sed
1048 1028 1246 1092 horrficis
1266 1032 1407 1094 juxta
1442 1041 1557 1078 tonat
1579 1031 1717 1078 AEtna
1740 1035 1871 1077 ruinis
1891 1038 1979 1075 e'tc.
2046 1025 2102 1072 In

462 1108 584 1156 hunc
606 1109 663 1155 de
685 1109 826 1157 AEtna
845 1107 997 1159 locum
1020 1116 1329 1168 comparatum
1354 1119 1459 1150 curn
1482 1104 1588 1152 loco
1614 1103 1858 1152 Pindarico
1881 1102 2035 1166 (Pyth.
2059 1101 2104 1160 I,

464 1183 517 1231 in
537 1200 606 1247 pr.
631 1182 813 1248 Epodo)
840 1184 935 1245 jam
960 1181 1080 1246 apud
1103 1179 1231 1239 Gell.
1253 1178 1415 1235 XVII,
1447 1196 1502 1228 ιο
1524 1197 1705 1244 gravem
1727 1169 1955 1227 censuram
1975 1195 2104 1227 exer-

467 1258 567 1305 cuit
609 1253 859 1318 Favorinue
892 1254 1200 1320 philosophus,
1233 1252 1308 1299 sed
1340 1265 1391 1299 ut
1428 1253 1749 1318 philosophum
1789 1253 1931 1316 magis
1971 1269 2106 1316 quam

467 1331 681 1378 criticum
697 1331 877 1395 poetica
897 1330 1120 1395 elegantia
1141 1329 1367 1376 imbutum
1389 1329 1620 1393 agnoscas.
1689 1329 1814 1376 Nam
1831 1322 1975 1392 nEquc
2000 1326 2108 1373 Pin-

467 1405 627 1452 darum
648 1407 915 1471 exprimere,
948 1407 1091 1452 multo
1113 1404 1260 1452 minus
1283 1404 1339 1450 ad
1365 1404 1546 1452 verbum
1571 1404 1828 1460 transferre,
1861 1402 2006 1455 voluit
2027 1414 2107 1448 aut

469 1481 632 1528 debuit
658 1482 900 1546 Virgilius,
933 1498 1075 1546 neque
1096 1480 1242 1544 lyrico
1263 1491 1308 1533 et
1327 1480 1458 1543 epico
1493 1486 1641 1545 poetae
1681 1478 1801 1526 idem
1838 1494 1986 1525 rerum
2011 1490 2110 1522 ven-

469 1554 724 1623 horumque
744 1556 932 1603 dileclus
959 1558 1042 1603 effe
1061 1556 1219 1620 potest.
1288 1554 1562 1615 Refutarunt
1585 1555 1788 1604 Gellium
1814 1569 1840 1599 a
1864 1551 2109 1600 Macrobio

468 1629 744 1693 exscriptum
761 1630 807 1676 V
831 1629 922 1676 Sat.
953 1644 1004 1691 17
1033 1624 1166 1673 multi
1185 1628 1249 1685 (v.
1274 1623 1331 1670 ad
1354 1623 1478 1683 Gell.
1502 1636 1546 1670 et
1570 1624 1627 1670 ad
1648 1625 1695 1672 h.
1714 1625 1750 1674 1.
1767 1626 2003 1690 Virgilii),
2037 1626 2112 1674 in-

472 1717 542 1752 ter
563 1721 673 1768 quos
695 1694 789 1766 Jul.
810 1701 1009 1766 Scaliger
1033 1701 1162 1749 Poet.
1190 1701 1254 1765 V,
1276 1708 1308 1763 4
1339 1699 1548 1764 inprimis
1572 1711 1617 1746 et
1638 1699 1809 1762 Cerda,
1843 1718 1956 1765 quos
1975 1701 2081 1748 vide
2094 1724 2108 1759 3

469 1779 546 1826 sed
569 1779 735 1843 cupide
756 1769 936 1842 magiS,
954 1777 1065 1842 saepe
1086 1777 1277 1837 inaniter
1297 1788 1342 1823 et
1364 1775 1552 1839 frigide,
1587 1791 1722 1839 quam
1745 1775 1803 1822 ad
1828 1769 1967 1839 epicae
2000 1771 2111 1840 poe-

471 1854 566 1901 seos
590 1866 793 1909 naturam
815 1865 859 1899 et
887 1857 1035 1921 poetae
1058 1851 1313 1910 confilium,
1346 1851 1426 1914 qui
1460 1866 1700 1914 congerere
1733 1850 1782 1897 in
1803 1867 1944 1896 unum
1967 1849 2111 1897 voluit

469 1928 645 1985 omnia,
679 1946 779 1995 quae
800 1925 931 1975 nobis
955 1927 1011 1974 de
1033 1927 1246 1989 Trojanis
1281 1926 1345 1973 rei
1375 1926 1556 1989 locique
1591 1925 1761 1989 ignaris
1800 1924 1849 1971 in
1871 1926 2019 1972 AEtnae
2040 1925 2112 1978 vi.

471 2002 597 2049 cinia
628 2001 802 2049 nociem
823 2001 1111 2065 exigentibus
1134 2001 1489 2058 sollicitudinem
1528 2000 1675 2057 facere
1700 1999 1873 2064 possint.
1940 1999 2033 2047 Erfi
2056 2001 2112 2048 il-

472 2077 555 2124 lud
579 2076 693 2123 mihi
714 2076 817 2139 satis
834 2069 1045 2140 apparere
1063 2075 1260 2131 videtur,
1294 2081 1475 2140 poetam
1500 2075 1597 2139 plus
1618 2074 1665 2120 in
1687 2074 1926 2124 verborum
1949 2086 2109 2120 ornatu

470 2151 684 2199 laboraffe
701 2168 833 2214 quam
853 2151 902 2198 in
919 2151 1102 2216 phyfica
1120 2150 1383 2198 subtilitate.
1450 2149 1762 2214 Qamobrem
1785 2148 1959 2196 mireris
1976 2149 2112 2209 forte,

476 2228 658 2274 Senecae
693 2226 838 2273 visum
873 2227 956 2274 effe
978 2226 1228 2290 Virgilium
1270 2240 1560 2293 argumentum
1592 2225 1663 2272 hoc
1704 2224 1931 2288 implevgffi’
1967 2224 2110 2289 Epist.

473 2300 718 2351 LXXIX.
783 2302 1014 2349 Caeterum
1037 2302 1263 2366 Virgilius
1297 2302 1491 2349 historiae
1534 2302 1666 2349 fidem
1710 2299 1890 2364 insuper
1924 2300 2110 2358 habuit3

473 2378 593 2423 recta
616 2389 764 2423 tamen
799 2388 849 2422 ut
878 2382 1043 2440 po'eta3
1079 2394 1182 2424 narn
1215 2376 1324 2424 belli
1344 2376 1537 2439 Trojani
1558 2387 1602 2423 et
1624 2374 1755 2439 ipfius
1780 2374 1974 2421 Homeri
1998 2387 2110 2422 tem·
2168 2408 2172 2412 ·
2249 2429 2254 2439 .

476 2467 586 2516 poee
603 2452 744 2514 AEtna
767 2451 968 2497 nondum
994 2449 1211 2497 intestinis
1228 2450 1454 2497 incendiis
1476 2449 1676 2505 saeviiffe,
1693 2461 1770 2495 aut
1793 2465 1816 2493 a
1842 2448 1944 2495 satis
1967 2451 2112 2497 multo

474 2539 677 2588 tempore
712 2523 863 2590 saltem
895 2525 1065 2571 ceffaffe
1097 2525 1273 2571 videtur
1301 2530 1443 2587 (erant
1466 2525 1582 2571 forte
1605 2537 1734 2571 antra
1756 2523 1975 2587 Cyclopum
1995 2523 2112 2571 anti-

474 2599 648 2665 quioris
669 2598 870 2664 incendii
892 2613 1152 2666 argumenta
1174 2616 1184 2663 ς
1222 2601 1278 2646 de
1302 2597 1466 2664 quibus
1481 2598 1542 2646 cf.
1570 2597 1794 2645 D’orville
1819 2597 1971 2645 Sicula
1986 2599 2047 2645 T.
2069 2598 2111 2655 I,

475 2691 523 2744 p.
550 2676 690 2739 247);
738 2673 913 2737 alioqui
949 2674 1177 2735 Homerus
1215 2675 1300 2737 hoc
1334 2687 1500 2738 naturae
1537 2684 1766 2737 portento,
1799 2674 1856 2718 ad
1880 2670 2113 2735 po'e'ticun

475 2763 683 2802 ornatum
708 2760 799 2799 tam
818 2750 1180 2815 accommodato,
1215 2749 1333 2818 baud
1358 2749 1496 2796 dubie
1517 2750 1619 2796 effer
1642 2747 1740 2796 usus
1759 2767 1772 2803 3
1808 2745 1855 2792 id
1879 2746 2000 2809 quod
2021 2747 2115 2810 pri-

476 2841 554 2872 mo
574 2825 677 2891 loco
701 2812 919 2890 Pindarus
937 2823 1046 2870 fecit
1068 2823 1196 2888 Pyth.
1218 2823 1260 2878 Ι,
1295 2824 1422 2886 cujus
1438 2836 1567 2871 aetate
1584 2821 1666 2870 Ol.
1692 2823 1732 2868 I
1735 2819 1906 2874 XXV,
1927 2838 1960 2884 4
1983 2822 2113 2884 (pau-

474 2899 543 2946 cis
564 2899 693 2946 annis
723 2909 826 2945 ante
857 2897 1106 2945 viCtoriam
1118 2879 1333 2945 Hieronis
1358 2897 1614 2960 Pythicam)
1653 2897 1838 2943 alterum
1863 2895 2056 2944 AEtnae
2043 2912 2115 2942 m-

475 2974 691 3024 cendium
714 2971 1000 3042 contigerat,
1036 2972 1216 3019 tertium
1244 2973 1282 3018 L
1303 2972 1428 3035 annis
1450 2971 1557 3034 post.
1594 2969 1674 3017 Ol.
1699 2967 2042 3023 LXXXVIII,
2066 2985 2114 3019 2.

473 3067 522 3100 v.
546 3048 766 3117 Thucyd
790 3047 880 3102 ΙΙΙ,
910 3063 951 3110 ς.
1019 3047 1085 3092 At
1106 3047 1302 3111 primum
1327 3031 1589 3113 incendium
1621 3043 1700 3108 (ab
1721 3060 1775 3090 eo
1797 3043 1858 3090 sc.
1894 3056 2116 3107 tempore,

476 3142 569 3189 quo
592 3122 748 3171 Graeci
771 3121 818 3168 in
849 3121 1039 3168 insulam
1063 3122 1450 3189 immigraverant)
1478 3106 1692 3184 temporis
1713 3130 1820 3166 nota
1842 3117 2114 3166 destituitur.

477 3200 557 3247 Cf.
581 3199 638 3245 de
660 3197 731 3245 his
758 3196 891 3243 dofle
912 3195 1222 3262 disputantem
1236 3194 1518 3242 Wernsdorf.
1540 3194 1602 3240 V.
1628 3193 1687 3241 C.
1712 3193 1805 3239 To
1830 3190 1922 3247 IV,
1959 3192 2010 3239 P.
2037 3189 2112 3251 M.

474 3291 523 3344 p.
546 3275 655 3342 378.
718 3270 774 3316 In
800 3269 1124 3340 Argonauticis
1143 3256 1430 3334 expestabam
1453 3256 1604 3316 AEtnae
1625 3265 1924 3321 mentionem,
1958 3281 2115 3313 verum

476 3348 672 3396 Planstae
693 3344 751 3391 ad
766 3337 1012 3391 Vulcanias
1034 3334 1200 3390 insulas
1226 3343 1422 3390 alludere
1444 3341 1561 3393 forte
1583 3341 1788 3405 poss‘unt.
1824 3339 1874 3387 in
1897 3354 1988 3386 uno
2009 3354 2116 3388 auc-

451 3410 572 3482 ⁴'tore
593 3419 900 3482 Orphicorum
917 3410 1431 3483 Argonautic.v.1249
1454 3429 1729 3466 memoratur
1746 3416 1925 3464 flamma
1937 3416 2117 3464 AEtnaea

473 3494 722 3560 Enceladi3
771 3495 875 3543 sane
897 3495 1051 3543 audior
1062 3493 1184 3542 1116
1170 3511 1219 3542 m
1240 3493 1412 3542 caeteris
1431 3492 1673 3576 diligenter
1693 3490 1884 3539 servavit
1907 3490 2115 3538 locorum
2147 3526 2156 3534 .»
2231 3475 2269 3517 ‘s‘

471 3585 658 3646 naturas
670 3582 716 3620 et
735 3569 992 3642 notationes
1012 3585 1038 3616 6
1057 3563 1196 3658 prisci
1217 3568 1312 3618 aevi
1340 3567 1628 3659 ignoratione
1647 3577 1692 3616 et
1708 3581 1879 3619 errore.
1950 3559 2141 3624 Prpxi·

1988 3651 2120 3709 mun}
