<?xml version="1.0" encoding="UTF-8"?>
<!DOCTYPE html PUBLIC "-//W3C//DTD XHTML 1.0 Transitional//EN"
    "http://www.w3.org/TR/xhtml1/DTD/xhtml1-transitional.dtd">
<html xmlns="http://www.w3.org/1999/xhtml" xml:lang="en" lang="en">
 <head>
  <title>
</title>
<meta http-equiv="Content-Type" content="text/html;charset=utf-8" />
  <meta name='ocr-system' content='tesseract 3.04.00' />
  <meta name='ocr-capabilities' content='ocr_page ocr_carea ocr_par ocr_line ocrx_word'/>
</head>
<body>
  <div class='ocr_page' id='page_1' title='image "./operavarietatele02virguoft_0102.png"; bbox 0 0 2372 4030; ppageno 0'>
   <div class='ocr_carea' id='block_1_1' title="bbox 1020 164 1112 192">
    <p class='ocr_par' dir='ltr' id='par_1_1' title="bbox 1020 164 1112 192">
     <span class='ocr_line' id='line_1_1' title="bbox 1020 164 1112 192; baseline 0 0"><span class='ocrx_word' id='word_1_1' title='bbox 1020 179 1023 183; x_wconf 94' lang='lat'>·</span> <span class='ocrx_word' id='word_1_2' title='bbox 1098 164 1112 192; x_wconf 69' lang='lat'><em>9</em></span> 
     </span>
    </p>
   </div>
   <div class='ocr_carea' id='block_1_2' title="bbox 490 402 1901 479">
    <p class='ocr_par' dir='ltr' id='par_1_2' title="bbox 490 402 1901 479">
     <span class='ocr_line' id='line_1_2' title="bbox 490 402 1901 479; baseline -0.011 0"><span class='ocrx_word' id='word_1_3' title='bbox 490 426 542 479; x_wconf 74' lang='lat'>⁶·</span> <span class='ocrx_word' id='word_1_4' title='bbox 723 410 792 471; x_wconf 90' lang='grc' dir='ltr'>Ρ.</span> <span class='ocrx_word' id='word_1_5' title='bbox 855 404 1336 472; x_wconf 85' lang='lat' dir='ltr'>VIRGILII</span> <span class='ocrx_word' id='word_1_6' title='bbox 1402 402 1901 468; x_wconf 82' lang='lat' dir='ltr'>MARONIS</span> 
     </span>
    </p>
   </div>
   <div class='ocr_carea' id='block_1_3' title="bbox 497 566 2034 663">
    <p class='ocr_par' dir='ltr' id='par_1_3' title="bbox 497 566 2034 663">
     <span class='ocr_line' id='line_1_3' title="bbox 497 566 2034 663; baseline -0.008 -23"><span class='ocrx_word' id='word_1_7' title='bbox 497 580 747 663; x_wconf 81' lang='lat' dir='ltr'>Qidve</span> <span class='ocrx_word' id='word_1_8' title='bbox 774 577 999 647; x_wconf 82' lang='lat' dir='ltr'>dolenS,</span> <span class='ocrx_word' id='word_1_9' title='bbox 1043 573 1246 652; x_wconf 84' lang='lat' dir='ltr'>regina</span> <span class='ocrx_word' id='word_1_10' title='bbox 1272 571 1457 634; x_wconf 89' lang='lat' dir='ltr'>deum</span> <span class='ocrx_word' id='word_1_11' title='bbox 1481 584 1572 630; x_wconf 90' lang='lat' dir='ltr'>tot</span> <span class='ocrx_word' id='word_1_12' title='bbox 1601 570 1842 629; x_wconf 85' lang='lat' dir='ltr'>volvere</span> <span class='ocrx_word' id='word_1_13' title='bbox 1869 566 2034 628; x_wconf 75' lang='lat' dir='ltr'>casus</span> 
     </span>
    </p>
   </div>
   <div class='ocr_carea' id='block_1_4' title="bbox 499 683 1878 772">
    <p class='ocr_par' dir='ltr' id='par_1_4' title="bbox 499 683 1878 772">
     <span class='ocr_line' id='line_1_4' title="bbox 499 683 1878 772; baseline -0.009 -18"><span class='ocrx_word' id='word_1_14' title='bbox 499 692 805 772; x_wconf 72' lang='lat' dir='ltr'>Insignem</span> <span class='ocrx_word' id='word_1_15' title='bbox 833 689 1056 769; x_wconf 81' lang='lat' dir='ltr'>pietate</span> <span class='ocrx_word' id='word_1_16' title='bbox 1082 686 1302 757; x_wconf 88' lang='lat' dir='ltr'>virum,</span> <span class='ocrx_word' id='word_1_17' title='bbox 1345 698 1435 744; x_wconf 89' lang='lat' dir='ltr'>tot</span> <span class='ocrx_word' id='word_1_18' title='bbox 1462 684 1624 743; x_wconf 88' lang='lat' dir='ltr'>adire</span> <span class='ocrx_word' id='word_1_19' title='bbox 1653 683 1878 753; x_wconf 87' lang='lat' dir='ltr'>labores</span> 
     </span>
    </p>
   </div>
   <div class='ocr_carea' id='block_1_5' title="bbox 2077 696 2158 743">
    <p class='ocr_par' dir='ltr' id='par_1_5' title="bbox 2077 696 2158 743">
     <span class='ocr_line' id='line_1_5' title="bbox 2077 696 2158 743; baseline 0 0"><span class='ocrx_word' id='word_1_20' title='bbox 2077 696 2158 743; x_wconf 74' lang='lat'>10</span> 
     </span>
    </p>
   </div>
   <div class='ocr_carea' id='block_1_6' title="bbox 500 796 1923 883">
    <p class='ocr_par' dir='ltr' id='par_1_6' title="bbox 500 796 1923 883">
     <span class='ocr_line' id='line_1_6' title="bbox 500 796 1923 883; baseline -0.007 -19"><span class='ocrx_word' id='word_1_21' title='bbox 500 799 836 883; x_wconf 85' lang='lat' dir='ltr'>Inpulerit:</span> <span class='ocrx_word' id='word_1_22' title='bbox 883 811 1143 857; x_wconf 85' lang='lat' dir='ltr'>tantaene</span> <span class='ocrx_word' id='word_1_23' title='bbox 1165 796 1382 855; x_wconf 86' lang='lat' dir='ltr'>animis</span> <span class='ocrx_word' id='word_1_24' title='bbox 1409 797 1750 857; x_wconf 85' lang='lat' dir='ltr'>coelestibus</span> <span class='ocrx_word' id='word_1_25' title='bbox 1775 797 1884 856; x_wconf 89' lang='lat' dir='ltr'>irae</span> <span class='ocrx_word' id='word_1_26' title='bbox 1908 796 1923 853; x_wconf 72' lang='grc' dir='ltr'><strong>Ξ</strong></span> 
     </span>
    </p>
   </div>
   <div class='ocr_carea' id='block_1_7' title="bbox 503 955 2162 1084">
    <p class='ocr_par' dir='ltr' id='par_1_7' title="bbox 503 955 2162 1084">
     <span class='ocr_line' id='line_1_7' title="bbox 503 955 2162 1019; baseline -0.005 -10"><span class='ocrx_word' id='word_1_27' title='bbox 503 955 708 1009; x_wconf 82' lang='lat' dir='ltr'>Heuman.</span> <span class='ocrx_word' id='word_1_28' title='bbox 728 964 833 1019; x_wconf 82' lang='lat' dir='ltr'>conj.</span> <span class='ocrx_word' id='word_1_29' title='bbox 850 979 913 1019; x_wconf 84' lang='lat' dir='ltr'>quo</span> <span class='ocrx_word' id='word_1_30' title='bbox 941 966 1071 1003; x_wconf 79' lang='lat' dir='ltr'>nomine</span> <span class='ocrx_word' id='word_1_31' title='bbox 1098 964 1190 1016; x_wconf 83' lang='lat' dir='ltr'><em>laesa.</em></span> <span class='ocrx_word' id='word_1_32' title='bbox 1217 962 1284 1004; x_wconf 87' lang='lat' dir='ltr'>sed</span> <span class='ocrx_word' id='word_1_33' title='bbox 1302 976 1342 1003; x_wconf 86' lang='lat' dir='ltr'>v.</span> <span class='ocrx_word' id='word_1_34' title='bbox 1379 964 1520 1004; x_wconf 87' lang='lat' dir='ltr'>Burm.</span> <span class='ocrx_word' id='word_1_35' title='bbox 1585 955 1673 1003; x_wconf 82' lang='lat' dir='ltr'>Nifi</span> <span class='ocrx_word' id='word_1_36' title='bbox 1709 961 1753 1002; x_wconf 86' lang='lat' dir='ltr'>in</span> <span class='ocrx_word' id='word_1_37' title='bbox 1782 961 1917 1002; x_wconf 80' lang='lat' dir='ltr'>fronte</span> <span class='ocrx_word' id='word_1_38' title='bbox 1947 960 2040 1001; x_wconf 83' lang='lat' dir='ltr'>libri</span> <span class='ocrx_word' id='word_1_39' title='bbox 2068 959 2162 1001; x_wconf 69' lang='lat' dir='ltr'>talin</span> 
     </span>
     <span class='ocr_line' id='line_1_8' title="bbox 505 1025 2162 1084; baseline -0.005 -11"><span class='ocrx_word' id='word_1_40' title='bbox 505 1033 652 1073; x_wconf 85' lang='lat' dir='ltr'>erroris</span> <span class='ocrx_word' id='word_1_41' title='bbox 670 1030 835 1084; x_wconf 84' lang='lat' dir='ltr'>suspicio</span> <span class='ocrx_word' id='word_1_42' title='bbox 863 1028 983 1068; x_wconf 82' lang='lat' dir='ltr'>nimis</span> <span class='ocrx_word' id='word_1_43' title='bbox 1002 1027 1215 1067; x_wconf 83' lang='lat' dir='ltr'>temeraria</span> <span class='ocrx_word' id='word_1_44' title='bbox 1239 1027 1368 1067; x_wconf 82' lang='lat' dir='ltr'>videri</span> <span class='ocrx_word' id='word_1_45' title='bbox 1402 1027 1544 1081; x_wconf 86' lang='lat' dir='ltr'>posset,</span> <span class='ocrx_word' id='word_1_46' title='bbox 1571 1042 1619 1067; x_wconf 80' lang='lat' dir='ltr'>ex</span> <span class='ocrx_word' id='word_1_47' title='bbox 1638 1026 1792 1066; x_wconf 84' lang='lat' dir='ltr'>Lucani</span> <span class='ocrx_word' id='word_1_48' title='bbox 1820 1025 2045 1066; x_wconf 82' lang='lat' dir='ltr'>imitatione</span> <span class='ocrx_word' id='word_1_49' title='bbox 2065 1037 2162 1064; x_wconf 85' lang='lat' dir='ltr'>con-</span> 
     </span>
    </p>
   </div>
   <div class='ocr_carea' id='block_1_8' title="bbox 503 1084 2167 1215">
    <p class='ocr_par' dir='ltr' id='par_1_8' title="bbox 503 1084 2167 1215">
     <span class='ocr_line' id='line_1_9' title="bbox 503 1084 2160 1151; baseline -0.004 -15"><span class='ocrx_word' id='word_1_50' title='bbox 503 1096 630 1151; x_wconf 60' lang='lat' dir='ltr'>jcd‘oet</span> <span class='ocrx_word' id='word_1_51' title='bbox 649 1093 791 1147; x_wconf 75' lang='lat' dir='ltr'>aliquis</span> <span class='ocrx_word' id='word_1_52' title='bbox 809 1089 1000 1146; x_wconf 74' lang='lat' dir='ltr'>scriptum</span> <span class='ocrx_word' id='word_1_53' title='bbox 1015 1090 1115 1130; x_wconf 83' lang='lat' dir='ltr'>olim</span> <span class='ocrx_word' id='word_1_54' title='bbox 1134 1086 1247 1131; x_wconf 78' lang='lat' dir='ltr'>fuisse</span> <span class='ocrx_word' id='word_1_55' title='bbox 1264 1099 1274 1130; x_wconf 58' lang='lat'>:⁴</span> <span class='ocrx_word' id='word_1_56' title='bbox 1304 1108 1367 1144; x_wconf 86' lang='lat' dir='ltr'>quo</span> <span class='ocrx_word' id='word_1_57' title='bbox 1383 1095 1522 1132; x_wconf 82' lang='lat' dir='ltr'>crimine</span> <span class='ocrx_word' id='word_1_58' title='bbox 1533 1091 1630 1144; x_wconf 82' lang='lat' dir='ltr'><em>laestz.</em></span> <span class='ocrx_word' id='word_1_59' title='bbox 1687 1092 1796 1130; x_wconf 87' lang='lat' dir='ltr'>Nam</span> <span class='ocrx_word' id='word_1_60' title='bbox 1809 1089 1860 1131; x_wconf 84' lang='lat' dir='ltr'>fic</span> <span class='ocrx_word' id='word_1_61' title='bbox 1877 1089 1946 1130; x_wconf 81' lang='lat' dir='ltr'>ille</span> <span class='ocrx_word' id='word_1_62' title='bbox 1963 1084 2058 1138; x_wconf 70' lang='lat' dir='ltr'>VH,</span> <span class='ocrx_word' id='word_1_63' title='bbox 2081 1088 2160 1138; x_wconf 83' lang='lat'>847</span> 
     </span>
     <span class='ocr_line' id='line_1_10' title="bbox 513 1153 2167 1215; baseline -0.006 -14"><span class='ocrx_word' id='word_1_64' title='bbox 513 1161 693 1215; x_wconf 64' lang='lat' dir='ltr'>{Thfffalia</span> <span class='ocrx_word' id='word_1_65' title='bbox 720 1160 864 1211; x_wconf 73' lang='lat' dir='ltr'>infilix,</span> <span class='ocrx_word' id='word_1_66' title='bbox 889 1173 952 1210; x_wconf 87' lang='lat' dir='ltr'>quo</span> <span class='ocrx_word' id='word_1_67' title='bbox 987 1165 1081 1195; x_wconf 81' lang='lat' dir='ltr'><em>tanto</em></span> <span class='ocrx_word' id='word_1_68' title='bbox 1102 1158 1257 1204; x_wconf 79' lang='lat' dir='ltr'>crimine,</span> <span class='ocrx_word' id='word_1_69' title='bbox 1293 1159 1406 1205; x_wconf 83' lang='lat' dir='ltr'>tellus,</span> <span class='ocrx_word' id='word_1_70' title='bbox 1431 1158 1562 1212; x_wconf 65' lang='lat' dir='ltr'>Lagsgsti</span> <span class='ocrx_word' id='word_1_71' title='bbox 1588 1158 1749 1209; x_wconf 83' lang='lat' dir='ltr'>superos,</span> <span class='ocrx_word' id='word_1_72' title='bbox 1783 1163 1820 1194; x_wconf 79' lang='lat' dir='ltr'>ut</span> <span class='ocrx_word' id='word_1_73' title='bbox 1853 1163 1886 1194; x_wconf 77' lang='lat' dir='ltr'>te</span> <span class='ocrx_word' id='word_1_74' title='bbox 1915 1162 1964 1201; x_wconf 70' lang='lat' dir='ltr'>tot</span> <span class='ocrx_word' id='word_1_75' title='bbox 2004 1153 2167 1203; x_wconf 58' lang='lat' dir='ltr'>mortibus</span> 
     </span>
    </p>
   </div>
   <div class='ocr_carea' id='block_1_9' title="bbox 506 1221 1290 1274">
    <p class='ocr_par' dir='ltr' id='par_1_9' title="bbox 506 1221 1290 1274">
     <span class='ocr_line' id='line_1_11' title="bbox 506 1221 1290 1274; baseline -0.008 -10"><span class='ocrx_word' id='word_1_76' title='bbox 506 1242 628 1272; x_wconf 77' lang='lat' dir='ltr'><strong><em>unam,</em></strong></span> <span class='ocrx_word' id='word_1_77' title='bbox 670 1223 738 1262; x_wconf 81' lang='lat' dir='ltr'>Tot</span> <span class='ocrx_word' id='word_1_78' title='bbox 756 1224 923 1274; x_wconf 75' lang='lat' dir='ltr'>fielerum</span> <span class='ocrx_word' id='word_1_79' title='bbox 939 1223 1038 1272; x_wconf 80' lang='lat' dir='ltr'>fatis</span> <span class='ocrx_word' id='word_1_80' title='bbox 1064 1221 1290 1274; x_wconf 77' lang='lat' dir='ltr'><em>premerent?</em></span> 
     </span>
    </p>
   </div>
   <div class='ocr_carea' id='block_1_10' title="bbox 1292 1243 1397 1250">
    <p class='ocr_par' dir='ltr' id='par_1_10' title="bbox 1292 1243 1397 1250">
     <span class='ocr_line' id='line_1_12' title="bbox 1292 1243 1397 1250; baseline 0 0"><span class='ocrx_word' id='word_1_81' title='bbox 1292 1243 1397 1250; x_wconf 95' lang='lat' dir='ltr'> </span> 
     </span>
    </p>
   </div>
   <div class='ocr_carea' id='block_1_11' title="bbox 1400 1217 2151 1276">
    <p class='ocr_par' dir='ltr' id='par_1_11' title="bbox 1400 1217 2151 1276">
     <span class='ocr_line' id='line_1_13' title="bbox 1400 1217 2151 1276; baseline -0.001 -16"><span class='ocrx_word' id='word_1_82' title='bbox 1400 1233 1438 1274; x_wconf 85' lang='lat'>9.</span> <span class='ocrx_word' id='word_1_83' title='bbox 1471 1224 1615 1276; x_wconf 71' lang='lat' dir='ltr'>Qidve</span> <span class='ocrx_word' id='word_1_84' title='bbox 1646 1222 1760 1259; x_wconf 77' lang='lat' dir='ltr'><em>Deum</em></span> <span class='ocrx_word' id='word_1_85' title='bbox 1775 1221 1826 1259; x_wconf 87' lang='lat' dir='ltr'>R.</span> <span class='ocrx_word' id='word_1_86' title='bbox 1845 1220 1967 1258; x_wconf 82' lang='lat' dir='ltr'>dolens.</span> <span class='ocrx_word' id='word_1_87' title='bbox 1995 1217 2151 1259; x_wconf 82' lang='lat' dir='ltr'><strong>Hamb·</strong></span> 
     </span>
    </p>
   </div>
   <div class='ocr_carea' id='block_1_12' title="bbox 510 1284 1776 1344">
    <p class='ocr_par' dir='ltr' id='par_1_12' title="bbox 510 1284 1776 1344">
     <span class='ocr_line' id='line_1_14' title="bbox 510 1284 1776 1344; baseline -0.002 -18"><span class='ocrx_word' id='word_1_88' title='bbox 510 1296 709 1344; x_wconf 85' lang='lat' dir='ltr'>pr.—--1</span> <span class='ocrx_word' id='word_1_89' title='bbox 721 1299 755 1326; x_wconf 90' lang='lat'>1.</span> <span class='ocrx_word' id='word_1_90' title='bbox 782 1286 980 1339; x_wconf 82' lang='lat' dir='ltr'><em>Impulerat</em></span> <span class='ocrx_word' id='word_1_91' title='bbox 994 1285 1118 1323; x_wconf 89' lang='lat' dir='ltr'>Rom.</span> <span class='ocrx_word' id='word_1_92' title='bbox 1138 1297 1230 1323; x_wconf 87' lang='lat' dir='ltr'>cum</span> <span class='ocrx_word' id='word_1_93' title='bbox 1250 1284 1336 1324; x_wconf 85' lang='lat' dir='ltr'>aliis</span> <span class='ocrx_word' id='word_1_94' title='bbox 1354 1298 1416 1339; x_wconf 84' lang='lat' dir='ltr'>ap.</span> <span class='ocrx_word' id='word_1_95' title='bbox 1434 1284 1573 1325; x_wconf 86' lang='lat' dir='ltr'>Heins.</span> <span class='ocrx_word' id='word_1_96' title='bbox 1587 1285 1650 1324; x_wconf 88' lang='lat' dir='ltr'>ad.</span> <span class='ocrx_word' id='word_1_97' title='bbox 1670 1298 1712 1324; x_wconf 83' lang='lat' dir='ltr'>v.</span> <span class='ocrx_word' id='word_1_98' title='bbox 1734 1297 1776 1333; x_wconf 87' lang='grc'>4.</span> 
     </span>
    </p>
   </div>
   <div class='ocr_carea' id='block_1_13' title="bbox 516 1421 1319 2208">
    <p class='ocr_par' dir='ltr' id='par_1_13' title="bbox 516 1421 1319 2208">
     <span class='ocr_line' id='line_1_15' title="bbox 516 1421 1298 1475; baseline -0.008 0"><span class='ocrx_word' id='word_1_99' title='bbox 516 1438 598 1475; x_wconf 76' lang='lat' dir='ltr'>aut</span> <span class='ocrx_word' id='word_1_100' title='bbox 606 1423 798 1474; x_wconf 69' lang='lat' dir='ltr'>consiliis</span> <span class='ocrx_word' id='word_1_101' title='bbox 814 1434 861 1471; x_wconf 87' lang='lat' dir='ltr'>et</span> <span class='ocrx_word' id='word_1_102' title='bbox 877 1421 1298 1472; x_wconf 72' lang='lat' dir='ltr'>machinationibus</span> 
     </span>
     <span class='ocr_line' id='line_1_16' title="bbox 518 1487 1301 1554; baseline -0.008 -14"><span class='ocrx_word' id='word_1_103' title='bbox 518 1492 711 1554; x_wconf 84' lang='lat' dir='ltr'>alicujus</span> <span class='ocrx_word' id='word_1_104' title='bbox 729 1490 805 1538; x_wconf 87' lang='lat' dir='ltr'>dei</span> <span class='ocrx_word' id='word_1_105' title='bbox 827 1502 1047 1536; x_wconf 88' lang='lat' dir='ltr'>eventum</span> <span class='ocrx_word' id='word_1_106' title='bbox 1070 1487 1198 1536; x_wconf 89' lang='lat' dir='ltr'>suurn</span> <span class='ocrx_word' id='word_1_107' title='bbox 1215 1488 1301 1535; x_wconf 82' lang='lat' dir='ltr'>ha-</span> 
     </span>
     <span class='ocr_line' id='line_1_17' title="bbox 518 1553 1303 1610; baseline -0.006 -5"><span class='ocrx_word' id='word_1_108' title='bbox 518 1557 739 1610; x_wconf 88' lang='lat' dir='ltr'>buerant,</span> <span class='ocrx_word' id='word_1_109' title='bbox 779 1554 860 1603; x_wconf 84' lang='lat' dir='ltr'>nifi</span> <span class='ocrx_word' id='word_1_110' title='bbox 897 1571 926 1601; x_wconf 88' lang='lat' dir='ltr'>a</span> <span class='ocrx_word' id='word_1_111' title='bbox 969 1554 1058 1601; x_wconf 89' lang='lat' dir='ltr'>dea</span> <span class='ocrx_word' id='word_1_112' title='bbox 1098 1553 1303 1606; x_wconf 74' lang='lat' dir='ltr'>edoc‘tus‚</span> 
     </span>
     <span class='ocr_line' id='line_1_18' title="bbox 517 1620 1303 1693; baseline -0.006 -23"><span class='ocrx_word' id='word_1_113' title='bbox 517 1625 663 1687; x_wconf 70' lang='lat' dir='ltr'>po&#39;e‘ta</span> <span class='ocrx_word' id='word_1_114' title='bbox 687 1620 799 1668; x_wconf 85' lang='lat' dir='ltr'>scire</span> <span class='ocrx_word' id='word_1_115' title='bbox 823 1636 914 1666; x_wconf 88' lang='lat' dir='ltr'>non</span> <span class='ocrx_word' id='word_1_116' title='bbox 935 1630 1135 1693; x_wconf 75' lang='lat' dir='ltr'>poterat.</span> <span class='ocrx_word' id='word_1_117' title='bbox 1204 1620 1303 1666; x_wconf 85' lang='lat' dir='ltr'>Ita-</span> 
     </span>
     <span class='ocr_line' id='line_1_19' title="bbox 522 1683 1306 1752; baseline -0.006 -17"><span class='ocrx_word' id='word_1_118' title='bbox 522 1689 614 1752; x_wconf 80' lang='lat' dir='ltr'>q&#39;ue</span> <span class='ocrx_word' id='word_1_119' title='bbox 644 1686 722 1734; x_wconf 84' lang='lat' dir='ltr'>ille</span> <span class='ocrx_word' id='word_1_120' title='bbox 742 1684 892 1733; x_wconf 87' lang='lat' dir='ltr'>munit</span> <span class='ocrx_word' id='word_1_121' title='bbox 910 1701 1036 1731; x_wconf 83' lang='lat' dir='ltr'>vlam</span> <span class='ocrx_word' id='word_1_122' title='bbox 1056 1683 1157 1737; x_wconf 83' lang='lat' dir='ltr'>fibi,</span> <span class='ocrx_word' id='word_1_123' title='bbox 1182 1695 1231 1730; x_wconf 89' lang='lat' dir='ltr'>ut</span> <span class='ocrx_word' id='word_1_124' title='bbox 1249 1683 1306 1730; x_wconf 83' lang='lat' dir='ltr'>iis</span> 
     </span>
     <span class='ocr_line' id='line_1_20' title="bbox 523 1748 1309 1813; baseline -0.009 -11"><span class='ocrx_word' id='word_1_125' title='bbox 523 1750 771 1802; x_wconf 89' lang='lat' dir='ltr'>commode</span> <span class='ocrx_word' id='word_1_126' title='bbox 795 1750 863 1798; x_wconf 84' lang='lat' dir='ltr'>uti</span> <span class='ocrx_word' id='word_1_127' title='bbox 901 1748 1050 1813; x_wconf 84' lang='lat' dir='ltr'>poffit.</span> <span class='ocrx_word' id='word_1_128' title='bbox 1119 1768 1197 1813; x_wconf 86' lang='lat' dir='ltr'>quo</span> <span class='ocrx_word' id='word_1_129' title='bbox 1225 1769 1309 1796; x_wconf 91' lang='lat' dir='ltr'>nu-</span> 
     </span>
     <span class='ocr_line' id='line_1_21' title="bbox 526 1815 1310 1866; baseline -0.005 0"><span class='ocrx_word' id='word_1_130' title='bbox 526 1824 637 1866; x_wconf 84' lang='lat' dir='ltr'>mine</span> <span class='ocrx_word' id='word_1_131' title='bbox 655 1817 769 1865; x_wconf 76' lang='lat' dir='ltr'><em>laeso.</em></span> <span class='ocrx_word' id='word_1_132' title='bbox 838 1816 961 1863; x_wconf 87' lang='lat' dir='ltr'>Cum</span> <span class='ocrx_word' id='word_1_133' title='bbox 976 1833 1125 1862; x_wconf 85' lang='lat' dir='ltr'>numen</span> <span class='ocrx_word' id='word_1_134' title='bbox 1150 1815 1202 1861; x_wconf 86' lang='lat' dir='ltr'>fit</span> <span class='ocrx_word' id='word_1_135' title='bbox 1224 1830 1310 1862; x_wconf 91' lang='lat' dir='ltr'>vo-</span> 
     </span>
     <span class='ocr_line' id='line_1_22' title="bbox 525 1879 1313 1946; baseline -0.006 -15"><span class='ocrx_word' id='word_1_136' title='bbox 525 1885 698 1936; x_wconf 87' lang='lat' dir='ltr'>luntas,</span> <span class='ocrx_word' id='word_1_137' title='bbox 714 1893 813 1929; x_wconf 87' lang='lat' dir='ltr'>tum</span> <span class='ocrx_word' id='word_1_138' title='bbox 824 1881 1024 1946; x_wconf 84' lang='lat' dir='ltr'>potestas</span> <span class='ocrx_word' id='word_1_139' title='bbox 1039 1896 1094 1927; x_wconf 83' lang='lat' dir='ltr'>ac</span> <span class='ocrx_word' id='word_1_140' title='bbox 1105 1879 1313 1942; x_wconf 88' lang='lat' dir='ltr'>majestas</span> 
     </span>
     <span class='ocr_line' id='line_1_23' title="bbox 528 1944 1314 2010; baseline -0.006 -14"><span class='ocrx_word' id='word_1_141' title='bbox 528 1948 628 2002; x_wconf 88' lang='lat' dir='ltr'>dei,</span> <span class='ocrx_word' id='word_1_142' title='bbox 668 1947 812 2010; x_wconf 89' lang='lat' dir='ltr'>(unde</span> <span class='ocrx_word' id='word_1_143' title='bbox 853 1946 1042 1994; x_wconf 85' lang='lat' dir='ltr'>tandem</span> <span class='ocrx_word' id='word_1_144' title='bbox 1086 1960 1173 2008; x_wconf 91' lang='lat' dir='ltr'>pro</span> <span class='ocrx_word' id='word_1_145' title='bbox 1218 1944 1314 2007; x_wconf 90' lang='lat' dir='ltr'>ipso</span> 
     </span>
     <span class='ocr_line' id='line_1_24' title="bbox 531 2010 1317 2074; baseline -0.005 -13"><span class='ocrx_word' id='word_1_146' title='bbox 531 2014 622 2061; x_wconf 88' lang='lat' dir='ltr'>deo</span> <span class='ocrx_word' id='word_1_147' title='bbox 645 2012 799 2074; x_wconf 80' lang='lat' dir='ltr'>ejusve</span> <span class='ocrx_word' id='word_1_148' title='bbox 827 2022 992 2059; x_wconf 87' lang='lat' dir='ltr'>natura</span> <span class='ocrx_word' id='word_1_149' title='bbox 1027 2023 1105 2057; x_wconf 86' lang='lat' dir='ltr'>aut</span> <span class='ocrx_word' id='word_1_150' title='bbox 1135 2010 1317 2058; x_wconf 86' lang='lat' dir='ltr'>nomine</span> 
     </span>
     <span class='ocr_line' id='line_1_25' title="bbox 536 2077 1316 2140; baseline -0.006 -13"><span class='ocrx_word' id='word_1_151' title='bbox 536 2095 594 2128; x_wconf 76' lang='lat' dir='ltr'>ac</span> <span class='ocrx_word' id='word_1_152' title='bbox 611 2078 749 2126; x_wconf 79' lang='lat' dir='ltr'>titulo</span> <span class='ocrx_word' id='word_1_153' title='bbox 767 2077 976 2140; x_wconf 83' lang='lat' dir='ltr'>ponitur)</span> <span class='ocrx_word' id='word_1_154' title='bbox 998 2077 1216 2140; x_wconf 81' lang='lat' dir='ltr'>potentiae</span> <span class='ocrx_word' id='word_1_155' title='bbox 1234 2093 1316 2123; x_wconf 88' lang='lat' dir='ltr'>au-</span> 
     </span>
     <span class='ocr_line' id='line_1_26' title="bbox 534 2141 1319 2208; baseline -0.005 -16"><span class='ocrx_word' id='word_1_156' title='bbox 534 2157 634 2192; x_wconf 83' lang='lat' dir='ltr'>tern</span> <span class='ocrx_word' id='word_1_157' title='bbox 657 2156 812 2208; x_wconf 84' lang='lat' dir='ltr'>partes</span> <span class='ocrx_word' id='word_1_158' title='bbox 852 2143 937 2190; x_wconf 86' lang='lat' dir='ltr'>esse</span> <span class='ocrx_word' id='word_1_159' title='bbox 955 2142 1140 2206; x_wconf 65' lang='lat' dir='ltr'>poffint,</span> <span class='ocrx_word' id='word_1_160' title='bbox 1181 2156 1231 2189; x_wconf 86' lang='lat' dir='ltr'>ut</span> <span class='ocrx_word' id='word_1_161' title='bbox 1269 2141 1319 2188; x_wconf 92' lang='lat' dir='ltr'>in</span> 
     </span>
    </p>
   </div>
   <div class='ocr_carea' id='block_1_14' title="bbox 1378 1422 2181 2208">
    <p class='ocr_par' dir='ltr' id='par_1_14' title="bbox 1378 1422 2181 2208">
     <span class='ocr_line' id='line_1_27' title="bbox 1378 1422 2168 1488; baseline -0.001 -16"><span class='ocrx_word' id='word_1_162' title='bbox 1378 1423 1629 1488; x_wconf 82' lang='lat' dir='ltr'>estJupiter</span> <span class='ocrx_word' id='word_1_163' title='bbox 1646 1422 1695 1471; x_wconf 81' lang='lat' dir='ltr'>in</span> <span class='ocrx_word' id='word_1_164' title='bbox 1723 1422 1922 1472; x_wconf 76' lang='lat' dir='ltr'>Palladis</span> <span class='ocrx_word' id='word_1_165' title='bbox 1932 1422 2086 1488; x_wconf 82' lang='lat' dir='ltr'>gratia</span> <span class='ocrx_word' id='word_1_166' title='bbox 2137 1437 2168 1478; x_wconf 74' lang='grc' dir='ltr'>’ς</span> 
     </span>
     <span class='ocr_line' id='line_1_28' title="bbox 1382 1488 2171 1554; baseline -0.001 -17"><span class='ocrx_word' id='word_1_167' title='bbox 1382 1491 1502 1538; x_wconf 88' lang='lat' dir='ltr'>unde</span> <span class='ocrx_word' id='word_1_168' title='bbox 1524 1489 1665 1537; x_wconf 89' lang='lat' dir='ltr'>modo</span> <span class='ocrx_word' id='word_1_169' title='bbox 1699 1489 1787 1554; x_wconf 81' lang='lat' dir='ltr'>ipfi</span> <span class='ocrx_word' id='word_1_170' title='bbox 1825 1489 1964 1538; x_wconf 88' lang='lat' dir='ltr'>modo</span> <span class='ocrx_word' id='word_1_171' title='bbox 1990 1490 2120 1537; x_wconf 87' lang='lat' dir='ltr'>Palla</span> <span class='ocrx_word' id='word_1_172' title='bbox 2152 1488 2171 1537; x_wconf 85' lang='lat' dir='ltr'>i</span> 
     </span>
     <span class='ocr_line' id='line_1_29' title="bbox 1382 1554 2171 1620; baseline -0.001 -17"><span class='ocrx_word' id='word_1_173' title='bbox 1382 1554 1683 1620; x_wconf 84' lang='lat' dir='ltr'>naufragium</span> <span class='ocrx_word' id='word_1_174' title='bbox 1731 1554 1892 1617; x_wconf 83' lang='lat' dir='ltr'>Ajacis</span> <span class='ocrx_word' id='word_1_175' title='bbox 1931 1554 2171 1609; x_wconf 71' lang='lat' dir='ltr'>tribuitur,</span> 
     </span>
     <span class='ocr_line' id='line_1_30' title="bbox 1385 1619 2170 1684; baseline 0.001 -16"><span class='ocrx_word' id='word_1_176' title='bbox 1385 1639 1434 1668; x_wconf 90' lang='lat' dir='ltr'>v.</span> <span class='ocrx_word' id='word_1_177' title='bbox 1471 1620 1636 1683; x_wconf 80' lang='lat' dir='ltr'><strong>Odyff.</strong></span> <span class='ocrx_word' id='word_1_178' title='bbox 1675 1642 1724 1680; x_wconf 67' lang='grc' dir='ltr'>«γ,</span> <span class='ocrx_word' id='word_1_179' title='bbox 1764 1637 1852 1684; x_wconf 75' lang='lat'>130</span> <span class='ocrx_word' id='word_1_180' title='bbox 1884 1619 1986 1684; x_wconf 82' lang='lat' dir='ltr'>sqq.</span> <span class='ocrx_word' id='word_1_181' title='bbox 2012 1633 2060 1668; x_wconf 86' lang='lat' dir='ltr'>et</span> <span class='ocrx_word' id='word_1_182' title='bbox 2078 1619 2170 1669; x_wconf 89' lang='lat' dir='ltr'>inf.</span> 
     </span>
     <span class='ocr_line' id='line_1_31' title="bbox 1387 1685 2171 1750; baseline -0.004 -15"><span class='ocrx_word' id='word_1_183' title='bbox 1387 1704 1437 1735; x_wconf 82' lang='lat' dir='ltr'>v.</span> <span class='ocrx_word' id='word_1_184' title='bbox 1454 1703 1533 1750; x_wconf 82' lang='lat'>43.</span> <span class='ocrx_word' id='word_1_185' title='bbox 1550 1687 1731 1735; x_wconf 89' lang='lat' dir='ltr'>Verum</span> <span class='ocrx_word' id='word_1_186' title='bbox 1745 1702 1832 1734; x_wconf 89' lang='lat' dir='ltr'>nec</span> <span class='ocrx_word' id='word_1_187' title='bbox 1853 1685 1961 1734; x_wconf 87' lang='lat' dir='ltr'>satis</span> <span class='ocrx_word' id='word_1_188' title='bbox 1981 1685 2171 1733; x_wconf 85' lang='lat' dir='ltr'>consen-</span> 
     </span>
     <span class='ocr_line' id='line_1_32' title="bbox 1388 1750 2172 1813; baseline -0.003 -13"><span class='ocrx_word' id='word_1_189' title='bbox 1388 1765 1575 1800; x_wconf 86' lang='lat' dir='ltr'>taneum</span> <span class='ocrx_word' id='word_1_190' title='bbox 1586 1764 1663 1798; x_wconf 87' lang='lat' dir='ltr'>aut</span> <span class='ocrx_word' id='word_1_191' title='bbox 1671 1750 1929 1813; x_wconf 85' lang='lat' dir='ltr'>jucundum</span> <span class='ocrx_word' id='word_1_192' title='bbox 1940 1752 2028 1799; x_wconf 88' lang='lat' dir='ltr'>hoc</span> <span class='ocrx_word' id='word_1_193' title='bbox 2037 1750 2087 1799; x_wconf 91' lang='lat' dir='ltr'>in</span> <span class='ocrx_word' id='word_1_194' title='bbox 2095 1767 2172 1798; x_wconf 87' lang='lat' dir='ltr'>ar-</span> 
     </span>
     <span class='ocr_line' id='line_1_33' title="bbox 1392 1816 2175 1881; baseline -0.001 -16"><span class='ocrx_word' id='word_1_195' title='bbox 1392 1816 1604 1881; x_wconf 85' lang='lat' dir='ltr'>gumenti</span> <span class='ocrx_word' id='word_1_196' title='bbox 1625 1816 1908 1880; x_wconf 76' lang='lat' dir='ltr'>expositione</span> <span class='ocrx_word' id='word_1_197' title='bbox 1926 1818 2052 1871; x_wconf 81' lang='lat' dir='ltr'>esset,</span> <span class='ocrx_word' id='word_1_198' title='bbox 2068 1833 2175 1872; x_wconf 89' lang='lat' dir='ltr'>nec,</span> 
     </span>
     <span class='ocr_line' id='line_1_34' title="bbox 1396 1881 2176 1947; baseline 0 -17"><span class='ocrx_word' id='word_1_199' title='bbox 1396 1884 1603 1947; x_wconf 83' lang='lat' dir='ltr'>quisnam</span> <span class='ocrx_word' id='word_1_200' title='bbox 1619 1882 1695 1929; x_wconf 88' lang='lat' dir='ltr'>ille</span> <span class='ocrx_word' id='word_1_201' title='bbox 1714 1881 1823 1929; x_wconf 88' lang='lat' dir='ltr'>deus</span> <span class='ocrx_word' id='word_1_202' title='bbox 1848 1883 1935 1930; x_wconf 83' lang='lat' dir='ltr'>effe</span> <span class='ocrx_word' id='word_1_203' title='bbox 1952 1883 2176 1946; x_wconf 88' lang='lat' dir='ltr'>potuerit,</span> 
     </span>
     <span class='ocr_line' id='line_1_35' title="bbox 1396 1948 2176 2011; baseline -0.003 -15"><span class='ocrx_word' id='word_1_204' title='bbox 1396 1948 1526 2010; x_wconf 88' lang='lat' dir='ltr'>cujus</span> <span class='ocrx_word' id='word_1_205' title='bbox 1547 1949 1745 1996; x_wconf 80' lang='lat' dir='ltr'>caussam</span> <span class='ocrx_word' id='word_1_206' title='bbox 1764 1949 1886 2009; x_wconf 88' lang='lat' dir='ltr'>Juno</span> <span class='ocrx_word' id='word_1_207' title='bbox 1901 1948 2176 2011; x_wconf 75' lang='lat' dir='ltr'>susceperat,</span> 
     </span>
     <span class='ocr_line' id='line_1_36' title="bbox 1397 2013 2178 2078; baseline -0.001 -16"><span class='ocrx_word' id='word_1_208' title='bbox 1397 2025 1615 2078; x_wconf 84' lang='lat' dir='ltr'>apparet:</span> <span class='ocrx_word' id='word_1_209' title='bbox 1633 2013 1730 2060; x_wconf 87' lang='lat' dir='ltr'>suas</span> <span class='ocrx_word' id='word_1_210' title='bbox 1749 2013 1947 2068; x_wconf 85' lang='lat' dir='ltr'>illairas,</span> <span class='ocrx_word' id='word_1_211' title='bbox 1961 2014 2038 2061; x_wconf 89' lang='lat' dir='ltr'>sua</span> <span class='ocrx_word' id='word_1_212' title='bbox 2047 2013 2178 2068; x_wconf 82' lang='lat' dir='ltr'>odia,</span> 
     </span>
     <span class='ocr_line' id='line_1_37' title="bbox 1398 2079 2178 2127; baseline 0 0"><span class='ocrx_word' id='word_1_213' title='bbox 1398 2079 1624 2127; x_wconf 84' lang='lat' dir='ltr'>exercuit.</span> <span class='ocrx_word' id='word_1_214' title='bbox 1654 2117 1656 2119; x_wconf 80' lang='lat'><em>.</em></span> <span class='ocrx_word' id='word_1_215' title='bbox 1696 2079 1833 2126; x_wconf 82' lang='lat' dir='ltr'>Possis</span> <span class='ocrx_word' id='word_1_216' title='bbox 1849 2091 1893 2126; x_wconf 91' lang='lat' dir='ltr'>et</span> <span class='ocrx_word' id='word_1_217' title='bbox 1915 2079 2041 2126; x_wconf 82' lang='lat' dir='ltr'>illam</span> <span class='ocrx_word' id='word_1_218' title='bbox 2062 2079 2178 2127; x_wconf 86' lang='lat' dir='ltr'>rati-</span> 
     </span>
     <span class='ocr_line' id='line_1_38' title="bbox 1398 2143 2181 2208; baseline -0.001 -15"><span class='ocrx_word' id='word_1_219' title='bbox 1398 2161 1536 2193; x_wconf 87' lang='lat' dir='ltr'>onem</span> <span class='ocrx_word' id='word_1_220' title='bbox 1553 2143 1755 2206; x_wconf 83' lang='lat' dir='ltr'>experiri</span> <span class='ocrx_word' id='word_1_221' title='bbox 1773 2163 1878 2208; x_wconf 82' lang='lat' dir='ltr'><em>:quo</em></span> <span class='ocrx_word' id='word_1_222' title='bbox 1894 2147 1966 2192; x_wconf 86' lang='lat' dir='ltr'>deo</span> <span class='ocrx_word' id='word_1_223' title='bbox 1988 2144 2102 2207; x_wconf 78' lang='lat' dir='ltr'><em>laeso,</em></span> <span class='ocrx_word' id='word_1_224' title='bbox 2120 2158 2181 2198; x_wconf 85' lang='lat' dir='ltr'>et,</span> 
     </span>
    </p>
   </div>
   <div class='ocr_carea' id='block_1_15' title="bbox 541 2207 2182 2275">
    <p class='ocr_par' dir='ltr' id='par_1_15' title="bbox 541 2207 2182 2275">
     <span class='ocr_line' id='line_1_39' title="bbox 541 2207 2182 2275; baseline 0.001 -19"><span class='ocrx_word' id='word_1_225' title='bbox 541 2212 721 2274; x_wconf 72' lang='lat' dir='ltr'>junone</span> <span class='ocrx_word' id='word_1_226' title='bbox 738 2207 1028 2260; x_wconf 82' lang='lat' dir='ltr'>divitiarum,</span> <span class='ocrx_word' id='word_1_227' title='bbox 1047 2223 1318 2269; x_wconf 81' lang='lat' dir='ltr'>regnorum,</span> <span class='ocrx_word' id='word_1_228' title='bbox 1385 2213 1436 2275; x_wconf 84' lang='lat' dir='ltr'><em>st</em></span> <span class='ocrx_word' id='word_1_229' title='bbox 1466 2211 1680 2274; x_wconf 72' lang='lat' dir='ltr'>Junotzem</span> <span class='ocrx_word' id='word_1_230' title='bbox 1718 2209 1834 2258; x_wconf 86' lang='lat' dir='ltr'><em>illud</em></span> <span class='ocrx_word' id='word_1_231' title='bbox 1866 2230 2014 2258; x_wconf 87' lang='lat' dir='ltr'>numen</span> <span class='ocrx_word' id='word_1_232' title='bbox 2041 2213 2182 2274; x_wconf 83' lang='lat' dir='ltr'>fuiffi</span> 
     </span>
    </p>
   </div>
   <div class='ocr_carea' id='block_1_16' title="bbox 534 2273 1342 3708">
    <p class='ocr_par' dir='ltr' id='par_1_16' title="bbox 534 2273 1342 3708">
     <span class='ocr_line' id='line_1_40' title="bbox 538 2273 1319 2338; baseline -0.005 -16"><span class='ocrx_word' id='word_1_233' title='bbox 538 2273 884 2338; x_wconf 84' lang='lat' dir='ltr'>conjugiorum,</span> <span class='ocrx_word' id='word_1_234' title='bbox 902 2284 1079 2335; x_wconf 75' lang='lat' dir='ltr'>partuS,</span> <span class='ocrx_word' id='word_1_235' title='bbox 1096 2273 1319 2319; x_wconf 82' lang='lat' dir='ltr'>Burman-</span> 
     </span>
     <span class='ocr_line' id='line_1_41' title="bbox 539 2340 1323 2403; baseline -0.005 -15"><span class='ocrx_word' id='word_1_236' title='bbox 539 2358 627 2388; x_wconf 87' lang='lat' dir='ltr'>nus</span> <span class='ocrx_word' id='word_1_237' title='bbox 645 2341 742 2403; x_wconf 88' lang='lat' dir='ltr'>post</span> <span class='ocrx_word' id='word_1_238' title='bbox 766 2340 1011 2386; x_wconf 78' lang='lat' dir='ltr'>Catroeum</span> <span class='ocrx_word' id='word_1_239' title='bbox 1040 2341 1145 2396; x_wconf 88' lang='lat' dir='ltr'>(cur</span> <span class='ocrx_word' id='word_1_240' title='bbox 1168 2351 1323 2385; x_wconf 88' lang='lat' dir='ltr'>tamen</span> 
     </span>
     <span class='ocr_line' id='line_1_42' title="bbox 541 2401 1323 2465; baseline -0.006 -11"><span class='ocrx_word' id='word_1_241' title='bbox 541 2407 668 2454; x_wconf 87' lang='lat' dir='ltr'>hunc</span> <span class='ocrx_word' id='word_1_242' title='bbox 685 2404 912 2457; x_wconf 78' lang='lat' dir='ltr'>nomines,</span> <span class='ocrx_word' id='word_1_243' title='bbox 928 2420 1031 2450; x_wconf 88' lang='lat' dir='ltr'>cum</span> <span class='ocrx_word' id='word_1_244' title='bbox 1038 2402 1137 2465; x_wconf 81' lang='lat' dir='ltr'>jam</span> <span class='ocrx_word' id='word_1_245' title='bbox 1152 2401 1199 2449; x_wconf 86' lang='lat' dir='ltr'>in</span> <span class='ocrx_word' id='word_1_246' title='bbox 1215 2404 1323 2450; x_wconf 89' lang='lat' dir='ltr'>Ser-</span> 
     </span>
     <span class='ocr_line' id='line_1_43' title="bbox 544 2468 1323 2527; baseline -0.003 -9"><span class='ocrx_word' id='word_1_247' title='bbox 544 2472 652 2525; x_wconf 81' lang='lat' dir='ltr'>vio,</span> <span class='ocrx_word' id='word_1_248' title='bbox 675 2470 850 2523; x_wconf 83' lang='lat' dir='ltr'>Cerda,</span> <span class='ocrx_word' id='word_1_249' title='bbox 875 2483 921 2516; x_wconf 88' lang='lat' dir='ltr'>et</span> <span class='ocrx_word' id='word_1_250' title='bbox 944 2469 1044 2516; x_wconf 75' lang='lat' dir='ltr'>aliis</span> <span class='ocrx_word' id='word_1_251' title='bbox 1058 2468 1222 2527; x_wconf 83' lang='lat' dir='ltr'>eadem</span> <span class='ocrx_word' id='word_1_252' title='bbox 1242 2484 1323 2516; x_wconf 80' lang='lat' dir='ltr'>ex-</span> 
     </span>
     <span class='ocr_line' id='line_1_44' title="bbox 545 2532 1326 2600; baseline -0.005 -16"><span class='ocrx_word' id='word_1_253' title='bbox 545 2535 740 2600; x_wconf 78' lang='lat' dir='ltr'>plicatio</span> <span class='ocrx_word' id='word_1_254' title='bbox 762 2548 978 2582; x_wconf 83' lang='lat' dir='ltr'>occurrat</span> <span class='ocrx_word' id='word_1_255' title='bbox 997 2536 1037 2594; x_wconf 89' lang='lat'>?)</span> <span class='ocrx_word' id='word_1_256' title='bbox 1090 2532 1155 2581; x_wconf 82' lang='lat' dir='ltr'>ita</span> <span class='ocrx_word' id='word_1_257' title='bbox 1190 2550 1326 2581; x_wconf 86' lang='lat' dir='ltr'>acce-</span> 
     </span>
     <span class='ocr_line' id='line_1_45' title="bbox 546 2601 1329 2667; baseline -0.006 -17"><span class='ocrx_word' id='word_1_258' title='bbox 546 2602 640 2667; x_wconf 79' lang='lat' dir='ltr'>pit,</span> <span class='ocrx_word' id='word_1_259' title='bbox 663 2614 713 2648; x_wconf 83' lang='lat' dir='ltr'>ut</span> <span class='ocrx_word' id='word_1_260' title='bbox 727 2601 851 2656; x_wconf 80' lang='lat' dir='ltr'>ess&#39;et,</span> <span class='ocrx_word' id='word_1_261' title='bbox 876 2619 961 2662; x_wconf 80' lang='lat' dir='ltr'>qua</span> <span class='ocrx_word' id='word_1_262' title='bbox 978 2612 1108 2662; x_wconf 80' lang='lat' dir='ltr'>parte</span> <span class='ocrx_word' id='word_1_263' title='bbox 1122 2604 1329 2662; x_wconf 71' lang='lat' dir='ltr'>potentia&gt;</span> 
     </span>
     <span class='ocr_line' id='line_1_46' title="bbox 547 2664 1330 2731; baseline -0.003 -17"><span class='ocrx_word' id='word_1_264' title='bbox 547 2670 642 2731; x_wconf 74' lang='lat' dir='ltr'>ejus</span> <span class='ocrx_word' id='word_1_265' title='bbox 678 2664 800 2729; x_wconf 80' lang='lat' dir='ltr'><em>laesa.</em></span> <span class='ocrx_word' id='word_1_266' title='bbox 869 2665 1125 2712; x_wconf 79' lang='lat' dir='ltr'>Enimvero</span> <span class='ocrx_word' id='word_1_267' title='bbox 1161 2676 1212 2711; x_wconf 86' lang='lat' dir='ltr'>ut</span> <span class='ocrx_word' id='word_1_268' title='bbox 1252 2664 1330 2712; x_wconf 86' lang='lat' dir='ltr'>uni</span> 
     </span>
     <span class='ocr_line' id='line_1_47' title="bbox 550 2729 1330 2795; baseline -0.004 -15"><span class='ocrx_word' id='word_1_269' title='bbox 550 2734 642 2780; x_wconf 87' lang='lat' dir='ltr'>deo</span> <span class='ocrx_word' id='word_1_270' title='bbox 657 2731 792 2795; x_wconf 80' lang='lat' dir='ltr'><em>plura</em></span> <span class='ocrx_word' id='word_1_271' title='bbox 815 2735 989 2778; x_wconf 80' lang='lat' dir='ltr'>numina</span> <span class='ocrx_word' id='word_1_272' title='bbox 1011 2729 1146 2776; x_wconf 80' lang='lat' dir='ltr'>inesse</span> <span class='ocrx_word' id='word_1_273' title='bbox 1167 2730 1330 2777; x_wconf 84' lang='lat' dir='ltr'>dican-</span> 
     </span>
     <span class='ocr_line' id='line_1_48' title="bbox 551 2793 1332 2852; baseline -0.004 -7"><span class='ocrx_word' id='word_1_274' title='bbox 551 2807 647 2852; x_wconf 76' lang='lat' dir='ltr'>tur,</span> <span class='ocrx_word' id='word_1_275' title='bbox 665 2813 749 2845; x_wconf 84' lang='lat' dir='ltr'>nee</span> <span class='ocrx_word' id='word_1_276' title='bbox 792 2796 869 2843; x_wconf 83' lang='lat' dir='ltr'>usu</span> <span class='ocrx_word' id='word_1_277' title='bbox 905 2812 990 2844; x_wconf 86' lang='lat' dir='ltr'>nec</span> <span class='ocrx_word' id='word_1_278' title='bbox 1016 2795 1193 2842; x_wconf 83' lang='lat' dir='ltr'>ratione</span> <span class='ocrx_word' id='word_1_279' title='bbox 1215 2793 1332 2843; x_wconf 84' lang='lat' dir='ltr'>mihi</span> 
     </span>
     <span class='ocr_line' id='line_1_49' title="bbox 551 2859 1333 2927; baseline -0.003 -17"><span class='ocrx_word' id='word_1_280' title='bbox 551 2862 747 2927; x_wconf 80' lang='lat' dir='ltr'>quidem</span> <span class='ocrx_word' id='word_1_281' title='bbox 797 2862 974 2924; x_wconf 82' lang='lat' dir='ltr'>liquere</span> <span class='ocrx_word' id='word_1_282' title='bbox 1028 2859 1228 2908; x_wconf 80' lang='lat' dir='ltr'>videtur.</span> <span class='ocrx_word' id='word_1_283' title='bbox 1282 2861 1333 2908; x_wconf 83' lang='lat' dir='ltr'>Si</span> 
     </span>
     <span class='ocr_line' id='line_1_50' title="bbox 553 2927 1333 2993; baseline -0.004 -18"><span class='ocrx_word' id='word_1_284' title='bbox 553 2931 708 2993; x_wconf 71' lang='lat' dir='ltr'>poetae</span> <span class='ocrx_word' id='word_1_285' title='bbox 730 2927 789 2974; x_wconf 87' lang='lat' dir='ltr'>de</span> <span class='ocrx_word' id='word_1_286' title='bbox 809 2943 900 2973; x_wconf 88' lang='lat' dir='ltr'>uno</span> <span class='ocrx_word' id='word_1_287' title='bbox 914 2927 1012 2973; x_wconf 46' lang='lat' dir='ltr'>‘deo</span> <span class='ocrx_word' id='word_1_288' title='bbox 1036 2931 1210 2973; x_wconf 81' lang='lat' dir='ltr'>numina</span> <span class='ocrx_word' id='word_1_289' title='bbox 1233 2943 1333 2973; x_wconf 90' lang='lat' dir='ltr'>me-</span> 
     </span>
     <span class='ocr_line' id='line_1_51' title="bbox 553 2991 1335 3055; baseline -0.004 -13"><span class='ocrx_word' id='word_1_290' title='bbox 553 3006 758 3047; x_wconf 87' lang='lat' dir='ltr'>morant,</span> <span class='ocrx_word' id='word_1_291' title='bbox 786 2992 837 3039; x_wconf 85' lang='lat' dir='ltr'>id</span> <span class='ocrx_word' id='word_1_292' title='bbox 862 2992 911 3038; x_wconf 83' lang='lat' dir='ltr'>fit</span> <span class='ocrx_word' id='word_1_293' title='bbox 930 2992 1116 3055; x_wconf 67' lang='lat' dir='ltr'>poetica</span> <span class='ocrx_word' id='word_1_294' title='bbox 1139 2991 1335 3046; x_wconf 84' lang='lat' dir='ltr'>ratione,</span> 
     </span>
     <span class='ocr_line' id='line_1_52' title="bbox 556 3056 1337 3123; baseline -0.004 -16"><span class='ocrx_word' id='word_1_295' title='bbox 556 3073 610 3107; x_wconf 84' lang='lat' dir='ltr'>ut</span> <span class='ocrx_word' id='word_1_296' title='bbox 632 3057 822 3123; x_wconf 85' lang='lat' dir='ltr'>pluralis</span> <span class='ocrx_word' id='word_1_297' title='bbox 844 3074 931 3120; x_wconf 87' lang='lat' dir='ltr'>pro</span> <span class='ocrx_word' id='word_1_298' title='bbox 949 3056 1166 3122; x_wconf 78' lang='lat' dir='ltr'>singulari</span> <span class='ocrx_word' id='word_1_299' title='bbox 1190 3073 1337 3119; x_wconf 84' lang='lat' dir='ltr'>pona-</span> 
     </span>
     <span class='ocr_line' id='line_1_53' title="bbox 556 3121 1339 3186; baseline -0.004 -13"><span class='ocrx_word' id='word_1_300' title='bbox 556 3138 648 3173; x_wconf 79' lang='lat' dir='ltr'>tur.</span> <span class='ocrx_word' id='word_1_301' title='bbox 719 3121 1107 3186; x_wconf 84' lang='lat' dir='ltr'>Simpliciffimum</span> <span class='ocrx_word' id='word_1_302' title='bbox 1132 3123 1241 3171; x_wconf 84' lang='lat' dir='ltr'>effet</span> <span class='ocrx_word' id='word_1_303' title='bbox 1259 3138 1339 3170; x_wconf 88' lang='lat' dir='ltr'>ac-</span> 
     </span>
     <span class='ocr_line' id='line_1_54' title="bbox 559 3186 1340 3254; baseline -0.003 -16"><span class='ocrx_word' id='word_1_304' title='bbox 559 3190 744 3254; x_wconf 72' lang='lat' dir='ltr'>cipere:</span> <span class='ocrx_word' id='word_1_305' title='bbox 771 3208 849 3252; x_wconf 80' lang='lat' dir='ltr'>quo</span> <span class='ocrx_word' id='word_1_306' title='bbox 869 3190 942 3234; x_wconf 83' lang='lat' dir='ltr'>cleo</span> <span class='ocrx_word' id='word_1_307' title='bbox 957 3186 1052 3250; x_wconf 75' lang='lat' dir='ltr'><em>laesb</em></span> <span class='ocrx_word' id='word_1_308' title='bbox 1068 3207 1085 3235; x_wconf 92' lang='lat'><em>:</em></span> <span class='ocrx_word' id='word_1_309' title='bbox 1104 3187 1163 3235; x_wconf 87' lang='lat' dir='ltr'>fic</span> <span class='ocrx_word' id='word_1_310' title='bbox 1181 3189 1226 3243; x_wconf 88' lang='lat' dir='ltr'>I,</span> <span class='ocrx_word' id='word_1_311' title='bbox 1242 3188 1340 3252; x_wconf 83' lang='lat'>674</span> 
     </span>
     <span class='ocr_line' id='line_1_55' title="bbox 559 3254 1339 3319; baseline -0.003 -16"><span class='ocrx_word' id='word_1_312' title='bbox 559 3275 611 3303; x_wconf 73' lang='lat' dir='ltr'><strong><em>m</em></strong></span> <span class='ocrx_word' id='word_1_313' title='bbox 632 3256 768 3319; x_wconf 78' lang='lat' dir='ltr'><em>quofl’</em></span> <span class='ocrx_word' id='word_1_314' title='bbox 789 3258 956 3300; x_wconf 84' lang='lat' dir='ltr'>numin&#39;e</span> <span class='ocrx_word' id='word_1_315' title='bbox 984 3254 1112 3300; x_wconf 78' lang='lat' dir='ltr'>&#39;mutet</span> <span class='ocrx_word' id='word_1_316' title='bbox 1130 3270 1144 3308; x_wconf 92' lang='lat'>;</span> <span class='ocrx_word' id='word_1_317' title='bbox 1197 3256 1339 3317; x_wconf 65' lang='lat' dir='ltr'>poeta</span> 
     </span>
     <span class='ocr_line' id='line_1_56' title="bbox 550 3317 1340 3383; baseline -0.004 -15"><span class='ocrx_word' id='word_1_318' title='bbox 550 3333 718 3372; x_wconf 76' lang='lat' dir='ltr'>,tamen</span> <span class='ocrx_word' id='word_1_319' title='bbox 741 3319 835 3383; x_wconf 86' lang='lat' dir='ltr'>ipse</span> <span class='ocrx_word' id='word_1_320' title='bbox 856 3317 1004 3372; x_wconf 83' lang='lat' dir='ltr'>statim</span> <span class='ocrx_word' id='word_1_321' title='bbox 1039 3335 1206 3366; x_wconf 89' lang='lat' dir='ltr'>numen</span> <span class='ocrx_word' id='word_1_322' title='bbox 1229 3318 1340 3367; x_wconf 83' lang='lat' dir='ltr'>illud</span> 
     </span>
     <span class='ocr_line' id='line_1_57' title="bbox 562 3376 1341 3447; baseline 0 -15"><span class='ocrx_word' id='word_1_323' title='bbox 562 3384 767 3446; x_wconf 69' lang='lat' dir='ltr'>subjicit,</span> <span class='ocrx_word' id='word_1_324' title='bbox 807 3383 1037 3447; x_wconf 86' lang='lat' dir='ltr'>Junonem</span> <span class='ocrx_word' id='word_1_325' title='bbox 1051 3401 1081 3440; x_wconf 55' lang='lat'>;¹</span> <span class='ocrx_word' id='word_1_326' title='bbox 1098 3376 1166 3432; x_wconf 71' lang='grc' dir='ltr'>ἐκ</span> <span class='ocrx_word' id='word_1_327' title='bbox 1202 3385 1341 3432; x_wconf 79' lang='lat' dir='ltr'>Musa</span> 
     </span>
     <span class='ocr_line' id='line_1_58' title="bbox 534 3449 1340 3514; baseline 0 -16"><span class='ocrx_word' id='word_1_328' title='bbox 534 3484 541 3503; x_wconf 50' lang='lat' dir='ltr'><em>J</em></span> <span class='ocrx_word' id='word_1_329' title='bbox 560 3449 709 3514; x_wconf 82' lang='lat' dir='ltr'>igitur</span> <span class='ocrx_word' id='word_1_330' title='bbox 718 3449 830 3497; x_wconf 88' lang='lat' dir='ltr'>illud</span> <span class='ocrx_word' id='word_1_331' title='bbox 846 3465 1050 3512; x_wconf 76' lang='lat' dir='ltr'>quaerere</span> <span class='ocrx_word' id='word_1_332' title='bbox 1067 3465 1160 3497; x_wconf 88' lang='lat' dir='ltr'>non</span> <span class='ocrx_word' id='word_1_333' title='bbox 1171 3451 1314 3511; x_wconf 82' lang='lat' dir='ltr'>potest</span> <span class='ocrx_word' id='word_1_334' title='bbox 1324 3468 1340 3507; x_wconf 91' lang='lat'>;</span> 
     </span>
     <span class='ocr_line' id='line_1_59' title="bbox 559 3514 1341 3566; baseline -0.001 -2"><span class='ocrx_word' id='word_1_335' title='bbox 559 3515 649 3566; x_wconf 78' lang='lat' dir='ltr'>nisi</span> <span class='ocrx_word' id='word_1_336' title='bbox 671 3529 774 3562; x_wconf 87' lang='lat' dir='ltr'>eam</span> <span class='ocrx_word' id='word_1_337' title='bbox 796 3514 981 3561; x_wconf 79' lang='lat' dir='ltr'>alterius</span> <span class='ocrx_word' id='word_1_338' title='bbox 1003 3514 1079 3562; x_wconf 90' lang='lat' dir='ltr'>dei</span> <span class='ocrx_word' id='word_1_339' title='bbox 1101 3515 1190 3563; x_wconf 84' lang='lat' dir='ltr'>laefi</span> <span class='ocrx_word' id='word_1_340' title='bbox 1212 3515 1341 3563; x_wconf 90' lang='lat' dir='ltr'>caus-</span> 
     </span>
     <span class='ocr_line' id='line_1_60' title="bbox 565 3578 1341 3644; baseline 0.004 -18"><span class='ocrx_word' id='word_1_341' title='bbox 565 3579 660 3629; x_wconf 83' lang='lat' dir='ltr'>sam</span> <span class='ocrx_word' id='word_1_342' title='bbox 679 3578 911 3644; x_wconf 73' lang='lat' dir='ltr'>suscepisse</span> <span class='ocrx_word' id='word_1_343' title='bbox 926 3578 1102 3627; x_wconf 80' lang='lat' dir='ltr'>dixeris</span> <span class='ocrx_word' id='word_1_344' title='bbox 1122 3599 1134 3636; x_wconf 76' lang='grc' dir='ltr'>ς</span> <span class='ocrx_word' id='word_1_345' title='bbox 1177 3597 1341 3644; x_wconf 84' lang='lat' dir='ltr'>quem-</span> 
     </span>
     <span class='ocr_line' id='line_1_61' title="bbox 567 3642 1342 3708; baseline 0.005 -16"><span class='ocrx_word' id='word_1_346' title='bbox 567 3643 818 3694; x_wconf 72' lang='lat' dir='ltr'>admodum</span> <span class='ocrx_word' id='word_1_347' title='bbox 843 3642 1036 3708; x_wconf 74' lang='lat' dir='ltr'>Ajacem</span> <span class='ocrx_word' id='word_1_348' title='bbox 1072 3645 1200 3696; x_wconf 82' lang='lat' dir='ltr'>Oilei</span> <span class='ocrx_word' id='word_1_349' title='bbox 1223 3647 1342 3699; x_wconf 69' lang='lat' dir='ltr'>ultus</span> 
     </span>
    </p>
   </div>
   <div class='ocr_carea' id='block_1_17' title="bbox 1389 2275 2213 3767">
    <p class='ocr_par' dir='ltr' id='par_1_17' title="bbox 1389 2275 2204 3717">
     <span class='ocr_line' id='line_1_62' title="bbox 1389 2275 2182 2339; baseline 0.004 -18"><span class='ocrx_word' id='word_1_350' title='bbox 1389 2278 1508 2339; x_wconf 72' lang='lat' dir='ltr'>finis</span> <span class='ocrx_word' id='word_1_351' title='bbox 1531 2275 1707 2339; x_wconf 79' lang='lat' dir='ltr'>cimstat,</span> <span class='ocrx_word' id='word_1_352' title='bbox 1742 2294 1828 2338; x_wconf 83' lang='lat' dir='ltr'>qua</span> <span class='ocrx_word' id='word_1_353' title='bbox 1849 2279 1900 2323; x_wconf 84' lang='lat' dir='ltr'>de</span> <span class='ocrx_word' id='word_1_354' title='bbox 1920 2279 2060 2339; x_wconf 59' lang='grc' dir='ltr'>σαψ</span> <span class='ocrx_word' id='word_1_355' title='bbox 2099 2277 2182 2324; x_wconf 81' lang='lat' dir='ltr'>illa</span> 
     </span>
     <span class='ocr_line' id='line_1_63' title="bbox 1404 2343 2185 2405; baseline 0 -16"><span class='ocrx_word' id='word_1_356' title='bbox 1404 2354 1621 2403; x_wconf 82' lang='lat' dir='ltr'><em>tantopere</em></span> <span class='ocrx_word' id='word_1_357' title='bbox 1667 2343 1731 2387; x_wconf 85' lang='lat' dir='ltr'>ad</span> <span class='ocrx_word' id='word_1_358' title='bbox 1765 2346 1878 2388; x_wconf 83' lang='lat' dir='ltr'>iram</span> <span class='ocrx_word' id='word_1_359' title='bbox 1915 2354 2185 2405; x_wconf 84' lang='lat' dir='ltr'><em>provocata,</em></span> 
     </span>
     <span class='ocr_line' id='line_1_64' title="bbox 1407 2408 2184 2469; baseline 0.004 -17"><span class='ocrx_word' id='word_1_360' title='bbox 1407 2408 1571 2453; x_wconf 73' lang='lat' dir='ltr'>AE&#39;neas</span> <span class='ocrx_word' id='word_1_361' title='bbox 1610 2419 1672 2453; x_wconf 72' lang='lat' dir='ltr'>tot</span> <span class='ocrx_word' id='word_1_362' title='bbox 1711 2408 1958 2469; x_wconf 61' lang='lat' dir='ltr'>dg‘scrimina</span> <span class='ocrx_word' id='word_1_363' title='bbox 2001 2409 2184 2455; x_wconf 80' lang='lat' dir='ltr'>adierit.</span> 
     </span>
     <span class='ocr_line' id='line_1_65' title="bbox 1412 2471 2184 2535; baseline 0.003 -16"><span class='ocrx_word' id='word_1_364' title='bbox 1412 2484 1461 2519; x_wconf 83' lang='lat' dir='ltr'>ut</span> <span class='ocrx_word' id='word_1_365' title='bbox 1476 2471 1591 2518; x_wconf 83' lang='lat' dir='ltr'>adeo</span> <span class='ocrx_word' id='word_1_366' title='bbox 1614 2473 1754 2535; x_wconf 70' lang='lat' dir='ltr'>poeta</span> <span class='ocrx_word' id='word_1_367' title='bbox 1778 2472 1997 2520; x_wconf 63' lang='lat' dir='ltr'>struCtura</span> <span class='ocrx_word' id='word_1_368' title='bbox 2018 2472 2184 2521; x_wconf 86' lang='lat' dir='ltr'>verbo-</span> 
     </span>
     <span class='ocr_line' id='line_1_66' title="bbox 1405 2536 2185 2587; baseline 0.004 -5"><span class='ocrx_word' id='word_1_369' title='bbox 1405 2552 1506 2583; x_wconf 85' lang='lat' dir='ltr'>rum</span> <span class='ocrx_word' id='word_1_370' title='bbox 1518 2536 1691 2584; x_wconf 83' lang='lat' dir='ltr'>deserta</span> <span class='ocrx_word' id='word_1_371' title='bbox 1701 2536 1758 2583; x_wconf 82' lang='lat' dir='ltr'>ad</span> <span class='ocrx_word' id='word_1_372' title='bbox 1770 2536 1907 2584; x_wconf 85' lang='lat' dir='ltr'>aliam</span> <span class='ocrx_word' id='word_1_373' title='bbox 1926 2537 2185 2587; x_wconf 84' lang='lat' dir='ltr'>deflexerit.</span> 
     </span>
     <span class='ocr_line' id='line_1_67' title="bbox 1408 2602 2189 2666; baseline 0.005 -18"><span class='ocrx_word' id='word_1_374' title='bbox 1408 2604 1566 2666; x_wconf 82' lang='lat' dir='ltr'>Qam</span> <span class='ocrx_word' id='word_1_375' title='bbox 1582 2602 1750 2650; x_wconf 87' lang='lat' dir='ltr'>durum</span> <span class='ocrx_word' id='word_1_376' title='bbox 1766 2615 1920 2650; x_wconf 82' lang='lat' dir='ltr'>tamen</span> <span class='ocrx_word' id='word_1_377' title='bbox 1939 2617 1986 2650; x_wconf 89' lang='lat' dir='ltr'>et</span> <span class='ocrx_word' id='word_1_378' title='bbox 2008 2605 2098 2653; x_wconf 85' lang='lat' dir='ltr'>hoc</span> <span class='ocrx_word' id='word_1_379' title='bbox 2115 2603 2189 2659; x_wconf 85' lang='lat' dir='ltr'>fit,</span> 
     </span>
     <span class='ocr_line' id='line_1_68' title="bbox 1410 2667 2188 2732; baseline 0.005 -18"><span class='ocrx_word' id='word_1_380' title='bbox 1410 2668 1546 2714; x_wconf 79' lang='lat' dir='ltr'>facile</span> <span class='ocrx_word' id='word_1_381' title='bbox 1584 2667 1765 2715; x_wconf 88' lang='lat' dir='ltr'>sentias.</span> <span class='ocrx_word' id='word_1_382' title='bbox 1835 2669 2068 2718; x_wconf 89' lang='lat' dir='ltr'>Omnibus</span> <span class='ocrx_word' id='word_1_383' title='bbox 2089 2668 2188 2732; x_wconf 87' lang='lat' dir='ltr'>igi-</span> 
     </span>
     <span class='ocr_line' id='line_1_69' title="bbox 1409 2733 2191 2800; baseline 0.004 -20"><span class='ocrx_word' id='word_1_384' title='bbox 1409 2746 1484 2780; x_wconf 89' lang='lat' dir='ltr'>tur</span> <span class='ocrx_word' id='word_1_385' title='bbox 1524 2733 1711 2782; x_wconf 86' lang='lat' dir='ltr'>tentatis</span> <span class='ocrx_word' id='word_1_386' title='bbox 1738 2748 1785 2781; x_wconf 89' lang='lat' dir='ltr'>et</span> <span class='ocrx_word' id='word_1_387' title='bbox 1819 2735 2042 2799; x_wconf 80' lang='lat' dir='ltr'>expenfis,</span> <span class='ocrx_word' id='word_1_388' title='bbox 2084 2734 2191 2800; x_wconf 70' lang='lat' dir='ltr'>(nisi⁴</span> 
     </span>
     <span class='ocr_line' id='line_1_70' title="bbox 1410 2797 2190 2865; baseline 0.003 -19"><span class='ocrx_word' id='word_1_389' title='bbox 1410 2797 1722 2860; x_wconf 60' lang='lat' dir='ltr'>conjec‘turam</span> <span class='ocrx_word' id='word_1_390' title='bbox 1739 2799 1788 2847; x_wconf 86' lang='lat' dir='ltr'>in</span> <span class='ocrx_word' id='word_1_391' title='bbox 1805 2801 1869 2848; x_wconf 90' lang='lat' dir='ltr'>V.</span> <span class='ocrx_word' id='word_1_392' title='bbox 1895 2801 1956 2848; x_wconf 87' lang='lat' dir='ltr'>L.</span> <span class='ocrx_word' id='word_1_393' title='bbox 1980 2800 2190 2865; x_wconf 72' lang='lat' dir='ltr'>proposi-</span> 
     </span>
     <span class='ocr_line' id='line_1_71' title="bbox 1411 2864 2191 2929; baseline 0.005 -19"><span class='ocrx_word' id='word_1_394' title='bbox 1411 2877 1508 2911; x_wconf 82' lang='lat' dir='ltr'>tam</span> <span class='ocrx_word' id='word_1_395' title='bbox 1522 2864 1576 2911; x_wconf 85' lang='lat' dir='ltr'>ad</span> <span class='ocrx_word' id='word_1_396' title='bbox 1584 2864 1777 2926; x_wconf 76' lang='lat' dir='ltr'>miseris)</span> <span class='ocrx_word' id='word_1_397' title='bbox 1803 2882 2088 2929; x_wconf 86' lang='lat' dir='ltr'><strong>quamquam</strong></span> <span class='ocrx_word' id='word_1_398' title='bbox 2104 2865 2191 2914; x_wconf 86' lang='lat' dir='ltr'>du-</span> 
     </span>
     <span class='ocr_line' id='line_1_72' title="bbox 1415 2930 2193 2994; baseline 0.005 -18"><span class='ocrx_word' id='word_1_399' title='bbox 1415 2930 1604 2984; x_wconf 87' lang='lat' dir='ltr'>riorem,</span> <span class='ocrx_word' id='word_1_400' title='bbox 1623 2930 1839 2992; x_wconf 72' lang='lat' dir='ltr'>praeferas</span> <span class='ocrx_word' id='word_1_401' title='bbox 1853 2931 2080 2979; x_wconf 86' lang='lat' dir='ltr'>rationem</span> <span class='ocrx_word' id='word_1_402' title='bbox 2092 2931 2193 2994; x_wconf 81' lang='lat' dir='ltr'>jam</span> 
     </span>
     <span class='ocr_line' id='line_1_73' title="bbox 1416 2995 2197 3062; baseline 0.004 -21"><span class='ocrx_word' id='word_1_403' title='bbox 1416 3011 1444 3042; x_wconf 85' lang='lat' dir='ltr'>a</span> <span class='ocrx_word' id='word_1_404' title='bbox 1471 2995 1634 3042; x_wconf 86' lang='lat' dir='ltr'>Servio</span> <span class='ocrx_word' id='word_1_405' title='bbox 1658 2996 1966 3060; x_wconf 78' lang='lat' dir='ltr'>propositam:</span> <span class='ocrx_word' id='word_1_406' title='bbox 1991 3016 2087 3061; x_wconf 86' lang='lat' dir='ltr'><em>quo,</em></span> <span class='ocrx_word' id='word_1_407' title='bbox 2102 3012 2197 3062; x_wconf 81' lang='lat' dir='ltr'>qua</span> 
     </span>
     <span class='ocr_line' id='line_1_74' title="bbox 1417 3061 2196 3126; baseline 0.004 -19"><span class='ocrx_word' id='word_1_408' title='bbox 1417 3077 1484 3113; x_wconf 90' lang='lat' dir='ltr'>re,</span> <span class='ocrx_word' id='word_1_409' title='bbox 1509 3061 1667 3124; x_wconf 86' lang='lat' dir='ltr'>quain</span> <span class='ocrx_word' id='word_1_410' title='bbox 1688 3063 1856 3116; x_wconf 81' lang='lat' dir='ltr'>cauffa,</span> <span class='ocrx_word' id='word_1_411' title='bbox 1879 3069 2048 3110; x_wconf 86' lang='lat' dir='ltr'>numine</span> <span class='ocrx_word' id='word_1_412' title='bbox 2079 3061 2196 3126; x_wconf 84' lang='lat' dir='ltr'><em>laeso,</em></span> 
     </span>
     <span class='ocr_line' id='line_1_75' title="bbox 1418 3125 2196 3192; baseline 0.003 -18"><span class='ocrx_word' id='word_1_413' title='bbox 1418 3126 1655 3188; x_wconf 85' lang='lat' dir='ltr'>majestate</span> <span class='ocrx_word' id='word_1_414' title='bbox 1666 3125 1842 3181; x_wconf 82' lang='lat' dir='ltr'>divina,</span> <span class='ocrx_word' id='word_1_415' title='bbox 1859 3127 1910 3176; x_wconf 85' lang='lat' dir='ltr'>h.</span> <span class='ocrx_word' id='word_1_416' title='bbox 1929 3144 1974 3176; x_wconf 88' lang='lat' dir='ltr'>e.</span> <span class='ocrx_word' id='word_1_417' title='bbox 1989 3126 2196 3192; x_wconf 77' lang='lat' dir='ltr'>ipsa&#39;Ju-</span> 
     </span>
     <span class='ocr_line' id='line_1_76' title="bbox 1419 3190 2197 3256; baseline 0.001 -18"><span class='ocrx_word' id='word_1_418' title='bbox 1419 3208 1557 3241; x_wconf 88' lang='lat' dir='ltr'>none.</span> <span class='ocrx_word' id='word_1_419' title='bbox 1625 3190 1676 3240; x_wconf 85' lang='lat' dir='ltr'>Si</span> <span class='ocrx_word' id='word_1_420' title='bbox 1715 3195 1855 3256; x_wconf 68' lang='lat' dir='ltr'>poeta</span> <span class='ocrx_word' id='word_1_421' title='bbox 1876 3192 2065 3241; x_wconf 85' lang='lat' dir='ltr'>duriore</span> <span class='ocrx_word' id='word_1_422' title='bbox 2106 3196 2197 3246; x_wconf 73' lang='lat' dir='ltr'>hae</span> 
     </span>
     <span class='ocr_line' id='line_1_77' title="bbox 1420 3255 2199 3312; baseline 0.003 -8"><span class='ocrx_word' id='word_1_423' title='bbox 1420 3256 1598 3305; x_wconf 86' lang='lat' dir='ltr'>ratione</span> <span class='ocrx_word' id='word_1_424' title='bbox 1620 3258 1815 3306; x_wconf 85' lang='lat' dir='ltr'>offensus</span> <span class='ocrx_word' id='word_1_425' title='bbox 1854 3258 2020 3312; x_wconf 81' lang='lat' dir='ltr'>fuiffet,</span> <span class='ocrx_word' id='word_1_426' title='bbox 2057 3255 2199 3307; x_wconf 67' lang='lat' dir='ltr'>facile</span> 
     </span>
     <span class='ocr_line' id='line_1_78' title="bbox 1419 3323 2202 3388; baseline 0.006 -19"><span class='ocrx_word' id='word_1_427' title='bbox 1419 3341 1525 3387; x_wconf 84' lang='lat' dir='ltr'><em>qua,</em></span> <span class='ocrx_word' id='word_1_428' title='bbox 1549 3336 1791 3386; x_wconf 87' lang='lat' dir='ltr'>quatenus,</span> <span class='ocrx_word' id='word_1_429' title='bbox 1805 3339 1900 3388; x_wconf 85' lang='lat' dir='ltr'>qua</span> <span class='ocrx_word' id='word_1_430' title='bbox 1927 3323 1976 3372; x_wconf 83' lang='lat' dir='ltr'>in</span> <span class='ocrx_word' id='word_1_431' title='bbox 2013 3339 2084 3379; x_wconf 84' lang='lat' dir='ltr'>re,</span> <span class='ocrx_word' id='word_1_432' title='bbox 2122 3323 2202 3376; x_wconf 81' lang='lat' dir='ltr'>vel</span> 
     </span>
     <span class='ocr_line' id='line_1_79' title="bbox 1421 3388 2199 3462; baseline 0.005 -27"><span class='ocrx_word' id='word_1_433' title='bbox 1421 3392 1513 3462; x_wconf 75' lang='lat' dir='ltr'>qui,</span> <span class='ocrx_word' id='word_1_434' title='bbox 1524 3388 1779 3451; x_wconf 88' lang='lat' dir='ltr'>quomodo,</span> <span class='ocrx_word' id='word_1_435' title='bbox 1794 3389 2043 3438; x_wconf 83' lang='lat' dir='ltr'>rescribere</span> <span class='ocrx_word' id='word_1_436' title='bbox 2059 3401 2199 3452; x_wconf 87' lang='lat' dir='ltr'>potu·</span> 
     </span>
     <span class='ocr_line' id='line_1_80' title="bbox 1420 3454 2201 3519; baseline 0.003 -19"><span class='ocrx_word' id='word_1_437' title='bbox 1420 3454 1537 3501; x_wconf 74' lang='lat' dir='ltr'>iffet.</span> <span class='ocrx_word' id='word_1_438' title='bbox 1612 3454 1870 3517; x_wconf 88' lang='lat' dir='ltr'>Subjicitur</span> <span class='ocrx_word' id='word_1_439' title='bbox 1885 3472 1973 3519; x_wconf 85' lang='lat' dir='ltr'>pro</span> <span class='ocrx_word' id='word_1_440' title='bbox 1993 3454 2201 3519; x_wconf 84' lang='lat' dir='ltr'>explica·</span> 
     </span>
     <span class='ocr_line' id='line_1_81' title="bbox 1422 3518 2204 3587; baseline -0.001 -19"><span class='ocrx_word' id='word_1_441' title='bbox 1422 3518 1546 3568; x_wconf 81' lang='lat' dir='ltr'>tione</span> <span class='ocrx_word' id='word_1_442' title='bbox 1565 3537 1576 3566; x_wconf 89' lang='lat'>:</span> <span class='ocrx_word' id='word_1_443' title='bbox 1601 3523 1767 3584; x_wconf 71' lang='lat' dir='ltr'>quidve</span> <span class='ocrx_word' id='word_1_444' title='bbox 1780 3519 2204 3587; x_wconf 80' lang='lat' dir='ltr'>dolens—impulerit</span> 
     </span>
     <span class='ocr_line' id='line_1_82' title="bbox 1420 3583 2199 3649; baseline 0.005 -20"><span class='ocrx_word' id='word_1_445' title='bbox 1420 3583 1512 3630; x_wconf 89' lang='lat' dir='ltr'>dea</span> <span class='ocrx_word' id='word_1_446' title='bbox 1549 3583 1706 3635; x_wconf 85' lang='lat' dir='ltr'>virum</span> <span class='ocrx_word' id='word_1_447' title='bbox 1757 3585 2024 3649; x_wconf 72' lang='lat' dir='ltr'>(exquisite,</span> <span class='ocrx_word' id='word_1_448' title='bbox 2061 3586 2112 3634; x_wconf 89' lang='lat' dir='ltr'>h.</span> <span class='ocrx_word' id='word_1_449' title='bbox 2154 3600 2199 3633; x_wconf 87' lang='lat' dir='ltr'>e.</span> 
     </span>
     <span class='ocr_line' id='line_1_83' title="bbox 1405 3650 2202 3717; baseline -0.001 -19"><span class='ocrx_word' id='word_1_450' title='bbox 1405 3652 1664 3716; x_wconf 55' lang='lat' dir='ltr'>coegerit)</span> <span class='ocrx_word' id='word_1_451' title='bbox 1689 3665 1752 3703; x_wconf 81' lang='lat' dir='ltr'>tot</span> <span class='ocrx_word' id='word_1_452' title='bbox 1777 3655 1895 3717; x_wconf 70' lang='lat' dir='ltr'><em>casus</em></span> <span class='ocrx_word' id='word_1_453' title='bbox 1919 3651 2126 3706; x_wconf 76' lang='lat' dir='ltr'>volvere,</span> <span class='ocrx_word' id='word_1_454' title='bbox 2147 3650 2202 3698; x_wconf 84' lang='lat' dir='ltr'>h.</span> 
     </span>
    </p>

    <p class='ocr_par' dir='ltr' id='par_1_18' title="bbox 2087 3726 2213 3767">
     <span class='ocr_line' id='line_1_84' title="bbox 2087 3726 2213 3767; baseline -0.024 0"><span class='ocrx_word' id='word_1_455' title='bbox 2087 3726 2213 3767; x_wconf 63' lang='lat' dir='ltr'>Gv--Ut</span> 
     </span>
    </p>
   </div>
  </div>
 </body>
</html>
