2294 4030
386 350 543 409 8002·
712 334 1764 402 EXC·URSUS†1X.X2·

387 523 534 562 torem
555 516 701 557 autem
723 504 1022 561 charontem,
1058 503 1137 553 etfi
1174 504 1270 567 post
1303 502 1583 562 Homerum,
1615 505 1755 556 facile
1775 508 2040 559 commenta·-

388 588 449 634 est
469 583 726 648 antiquitas,
742 596 845 628 cum
862 579 994 626 semel
1015 578 1102 625 hoc
1119 578 1358 642 probasset,
1391 590 1442 626 ut
1463 579 1650 643 flumina
1671 582 1938 646 trajicienda
1957 586 2027 634 esa

388 662 486 709 sent
505 656 769 707 adeuntibus
803 654 903 701 loca
923 651 1084 699 infera.
1152 650 1318 715 Neque
1351 652 1467 700 adeo
1489 669 1545 700 ex
1565 654 1783 719 AEgyptia
1807 657 2030 722 religione

388 750 434 784 et
466 736 567 782 lacu
602 731 803 779 Moeride
823 730 952 777 illum
990 725 1308 775 adumbratum
1329 728 1411 774 effe
1431 728 1598 775 neceffe
1615 731 1674 776 est
1688 749 1701 786 ;
1743 730 1853 794 quin
1875 732 2046 795 potius*

390 809 595 858 Graeculi
616 808 799 857 seriores
828 802 1092 868 AEgyptiam
1124 801 1322 868 priscam
1354 802 1692 868 religionem‘in
1714 804 1830 854 hanc
1851 818 2030 872 partem

386 887 666 951 interpretati
687 885 768 933 effe
788 881 1010 930 videntur.

452 962 678 1008 Caeterum
734 957 783 1005 in
840 954 1097 1000 Acheronte
1139 952 1197 1000 ad
1236 952 1341 1000 loca
1395 953 1518 1000 circa
1572 953 1744 1002 Cumas
1795 955 2029 1020 respexisse

390 1041 527 1101 poeta
577 1035 691 1081 reete
743 1029 1016 1079 existimatur
1061 1039 1106 1074 et
1150 1027 1358 1090 spelunca
1407 1028 1839 1078 Cumana-duxisse
1884 1031 2030 1079 fertur

388 1110 447 1158 ad
470 1109 665 1173 paludem
701 1105 964 1167 Acherusiam
1005 1102 1086 1149 sub
1130 1101 1300 1149 Miseni
1339 1103 1642 1166 promontorii
1682 1117 1883 1153 extrema
1923 1122 2025 1157 ora.

387 1187 497 1250 Ejus
546 1182 721 1246 paludis
761 1179 899 1242 vulgo
940 1177 1123 1241 vestigia
1162 1176 1325 1223 habere
1366 1179 1568 1225 creditur
1613 1179 1750 1228 Lacus
1795 1180 2029 1235 Calamus,

390 1262 467 1310 sed
505 1257 785 1324 probabilior
824 1255 883 1303 est
922 1253 1049 1301 Paoli
1086 1252 1323 1308 sententia,
1356 1252 1437 1317 qui
1468 1255 1523 1300 ad
1550 1255 1680 1301 Mare
1715 1269 1915 1302 mortuum
1955 1270 2026 1301 re-

388 1336 480 1384 fert
494 1333 687 1398 paludem
711 1331 983 1391 Acherusiam
1006 1326 1088 1375 fol.
1122 1330 1199 1374 28.
1272 1326 1371 1374 Alii
1411 1331 1562 1391 poetae
1585 1329 1841 1394 Virgilium
1865 1332 2026 1378 aneto«

387 1429 486 1461 rem
520 1409 568 1457 in
603 1408 674 1456 his
713 1406 966 1454 inferorum
997 1402 1205 1450 amnibus
1238 1403 1553 1452 deseruerunt.
1622 1406 1761 1454 Conf.
1789 1423 1835 1453 v.
1861 1422 1905 1453 c.
1940 1407 2028 1453 Se-

389 1502 552 1535 necam
574 1483 718 1531 Herc.
742 1481 833 1529 fur.
871 1480 987 1527 680.
1023 1478 1135 1525 686.
1174 1494 1270 1541 709
1306 1477 1404 1540 sqq.
1459 1479 1624 1527 Silium
1652 1482 1715 1534 X,
1753 1481 2027 1534 116—121,

391 1562 472 1626 qui
500 1562 734 1622 Cocytum
767 1556 817 1604 in
848 1555 1053 1603 Lucrino
1090 1567 1136 1600 et
1167 1555 1366 1617 Stygem
1390 1554 1438 1601 in
1466 1557 1657 1603 Averno
1680 1557 1863 1621 quaerit,
1898 1555 2026 1604 viam

388 1649 542 1685 autem
566 1634 622 1682 ad
649 1633 819 1681 inferos
857 1647 940 1694 per
975 1629 1279 1676 Acherusiam
1324 1629 1556 1692 paludem.
1625 1631 1703 1679 De
1729 1632 1882 1680 fluviis
1911 1630 2028 1678 infe-

389 1728 545 1760 rorum
582 1711 708 1758 locus
742 1707 884 1755 etiam
927 1705 1176 1770 praeclarus
1217 1705 1278 1750 est
1318 1705 1512 1753 Miltoni
1548 1706 1630 1754 lib.
1668 1709 1738 1761 ΙΙ,
1777 1725 1873 1773 574
1904 1707 2028 1772 sqq.,

388 1787 555 1851 dignus
586 1784 667 1849 qui
701 1794 1025 1844 comparetur3
1078 1791 1126 1826 at
1171 1778 1229 1825 de
1275 1781 1563 1845 etymologia
1611 1782 1866 1839 nominum,
1923 1799 2027 1846 quae

390 1862 461 1910 his
500 1859 707 1907 amnibus
744 1855 891 1905 indita
925 1854 1044 1908 sunt,
1086 1870 1132 1900 v.
1179 1854 1270 1902 loc.
1319 1855 1596 1919 Apollodori
1638 1873 1713 1921 ap.
1757 1857 2026 1905 Stobaeum:
2073 1856 2076 1859 *

390 1939 440 1985 in
471 1938 506 1983 F
512 1933 763 1999 ragmentis
790 1929 1012 1994 Apollod.
1044 1946 1092 1992 p.
1129 1945 1250 1992 1047
1288 1928 1408 1993 sqq„
1449 1931 1528 1978 ubi
1550 1949 1597 1995 p.
1632 1948 1755 1998 ¹059
1776 1934 1904 1980 locus
1937 1934 2027 1979 So-

391 2012 571 2079 phoclis
596 2028 622 2058 e
658 2009 891 2072 Polyxena
928 2007 987 2055 fic
1010 2005 1196 2054 videtur
1219 2006 1577 2062 constituendus,
1614 2021 1664 2056 ut
1695 2026 1781 2073 pro
1804 2011 1834 2057 ὦ
1857 2010 1938 2056 τὰς
1960 2009 2026 2055 le-

391 2101 533 2152 gatur
565 2085 727 2133 Ἀκτοὶς
758 2094 806 2131 et
836 2083 981 2130 altero
1017 2080 1150 2129 versu
1184 2087 1353 2127 λιπέσα
1396 2084 1536 2139 λίμνης
1570 2081 1692 2132 ἦλθον
1725 2085 1895 2147 ἢχέσης
1928 2085 2030 2142 «γόεο

389 2163 638 2225 Ἀχέξοντος
678 2161 919 2217 ὀξυπλῆγοις
959 2158 1133 2220 deo-ems
1174 2158 1302 2218 χόας.
1380 2175 1426 2220 p.
1476 2173 1592 2224 1051
1643 2160 1728 2207 ἀπὸ
1773 2166 1827 2207 vs}
1869 2164 2029 2222 Ὑοςγῶς

390 2233 600 2299 φυήσεσθαι
634 2234 728 2298 leg.
767 2233 903 2295 ‘yog‘yoi
934 2244 1001 2292 φ.,
1035 2244 1081 2279 et
1122 2248 1232 2295 pag.
1282 2247 1401 2297 1053
1435 2233 1466 2280 1.
1504 2251 1528 2297 3
1573 2235 1809 2297 ςεςεμνώδη,
1843 2246 1891 2283 et
1922 2234 1955 2282 Ῑ.
1996 2251 2026 2300 5⁸

391 2315 631 2369 χαμόντωνς
665 2309 827 2359 ultima
864 2325 889 2355 e
933 2307 1052 2364 Cod.
1096 2304 1268 2363 Stobaei
1308 2308 1471 2364 Escur.
1512 2309 1827 2383 suppeditavit
1848 2310 2030 2368 dottiffi

391 2385 626 2460 Tyehsen.

882 2533 925 2581 E
951 2535 995 2582 X
1017 2537 1057 2584 C
1083 2538 1131 2585 U
1153 2538 1196 2585 R
1232 2539 1261 2586 S
1288 2537 1337 2586 U
1362 2539 1390 2586 S
1461 2537 1522 2585 X.

455 2633 743 2713 Descensus
784 2632 858 2692 ad
893 2632 1087 2709 izgferos
1132 2655 1201 2692 an
1245 2657 1308 2695 ex
1351 2637 1523 2698 mittis
1568 2635 1851 2710 Elecfiniis
1879 2639 1942 2713 s
1937 2651 1964 2698 t

1020 2726 1381 2786 adumbratus.

456 2852 623 2901 Dum
609 2871 658 2902 m
679 2852 783 2901 Ioco
814 2854 903 2901 hoc
935 2852 1210 2902 nobilissimo
1236 2853 1295 2901 de
1332 2853 1550 2908 descensu
1573 2856 1733 2910 AEneae
1767 2852 1827 2907 ad
1849 2853 2031 2909 inferos

392 2929 641 2982 versamur,
674 2929 774 2982 etfi,
822 2927 942 2981 unde
991 2930 1132 2992 poeta
1168 2929 1412 2984 materiam
1459 2929 1557 2995 ejus
1593 2942 1898 2995 ornatumque
1940 2948 2027 2995 pe-

392 3004 536 3059 tierit,
568 3004 672 3052 satis
705 3003 987 3050 declaratum
1026 3005 1113 3051 effe
1153 3005 1338 3060 videtur
1355 3024 1371 3062 ;
1406 3018 1561 3060 tamen
1582 3004 1902 3062 VVarburtoni,
1934 3005 2027 3057 Vi-

393 3079 436 3127 ri
469 3077 660 3136 Summi,
696 3078 838 3125 Glevi
873 3079 947 3126 seu
989 3078 1259 3129 Glocestriae
1302 3080 1541 3145 Episcopi,¹
1574 3080 1798 3135 sententia
1831 3087 2026 3146 praeter-

392 3153 616 3205 mittenda
652 3169 680 3199 a
713 3152 844 3201 nobis
880 3170 972 3201 non
1005 3155 1085 3208 est,
1121 3171 1220 3219 quae
1253 3154 1303 3207 in
1341 3155 1701 3207 Commentariis
1723 3157 1774 3204 de
1795 3157 1923 3220 Mefis
1955 3159 2036 3223 dig

391 3236 507 3279 vina
528 3229 728 3293 legatione
765 3230 934 3292 (Tom.
960 3229 1002 3286 I,
1035 3230 1118 3279 lib.
1141 3231 1213 3285 H,
1243 3232 1290 3279 S.
1332 3233 1386 3295 4)
1429 3231 1542 3279 olim
1578 3232 1801 3296 expofita,
1834 3233 2033 3296 praefixa'

393 3321 574 3374 quoque
607 3305 670 3351 est
703 3304 848 3352 Tom.
885 3305 964 3352 III
988 3304 1183 3370 Virgilii
1206 3305 1517 3354 Wartoniani.
1585 3305 1728 3354 Redit
1767 3317 1922 3368 autem
1943 3306 2026 3355 illa

392 3380 504 3432 huc,
535 3377 651 3425 nihil
689 3389 741 3425 ut
785 3377 908 3426 aliud
944 3379 1033 3428 hoc
1075 3380 1134 3427 ad
1186 3380 1360 3429 inferos
1403 3379 1617 3430 descensu
1653 3381 1966 3447 repraesentari
1995 3399 2027 3431 a

393 3456 532 3518 poeta
559 3453 824 3509 contendat,
858 3470 996 3518 quam
1040 3461 1172 3504 initia
1216 3457 1384 3506 AEneae
1425 3470 1474 3506 et
1510 3458 1821 3521 descriptionem
1857 3469 2027 3522 pompa,

400 3526 549 3601 (Sais)
586 3526 809 3600 Elezfiniae
837 3543 1015 3588 eorum,
1051 3530 1132 3602 qui
1166 3530 1480 3588 initiarentur,
1527 3530 1674 3585 oculis
1707 3530 1919 3588 exhiberi
1951 3530 2037 3579 so-'

1912 3606 2030 3666 litae.
