2294 4030
520 331 681 404 310.
874 306 1511 414 EXCU'RSUS
1589 309 1749 384 Xnt

518 500 673 554 petum
711 488 955 537 occidendi
991 488 1217 538 Helenam
1256 501 1301 538 et
1323 488 1535 550 Veneris,
1555 489 1876 551 interventum)
1918 490 2062 549 XIV,
2091 482 2165 555 3}

518 563 618 628 sqq.
680 563 942 627 Tryphiod.
988 564 1261 613 602—-621,
1350 563 1507 611 Multo
1550 564 1697 629 magis
1737 565 1968 614 variarunt
2010 581 2166 614 narra-¹

518 637 691 685 tionem
731 637 924 703 Tragici
967 640 1050 703 pro
1086 637 1277 687 consilio
1313 636 1412 695 suo',
1467 649 1515 685 et
1555 637 1888 688 modacrimen
1907 651 1953 688 et
1979 640 2164 704 culpam

515 711 717 775 perfidiae
749 712 799 760 in
832 730 932 761 eam
962 713 1268 770 cumularunt,
1320 712 1462 760 modo
1505 717 1820 782 extenuarunt.
1882 713 1940 761 In
1978 714 2160 763 Aretini

518 783 720 833 Excidio
742 786 820 833 Ilii
841 787 906 841 ita
924 786 1140 834 traditum
1162 798 1284 835 erat:
1321 790 1526 836 Μενέλαος
1545 787 1586 835 δὲ
1607 789 1770 850 ἀνευςὼν
1785 787 1955 844 Ἑλένην,
1986 788 2057 838 ivri
2078 791 2163 839 τὰς’

517 865 610 907 ναῦς
640 864 844 921 κατάγει,
876 859 1080 922 Δηῗφόβον
1116 862 1324 922 φονεύσας.
1393 860 1663 925 Euripidem
1707 861 1839 925 plane
1878 862 1955 909 hic
1999 861 2163 926 desp-tlt

517 931 765 998 Virgilius,
798 935 829 982 fi
852 934 1177 982 nobiliffimum
1200 933 1448 981 Troadum
1459 935 1614 989 locum
1636 950 1868 999 compares
1887 935 2160 999 860-1058.

515 1006 637 1056 Mox
658 1009 810 1057 limina
835 1010 1220 1072 Vestaeſsrvantem
1241 1007 1364 1055 dixit
1386 1007 1627 1056 Helenam.
1693 1009 1772 1056 Ad
1805 1009 2024 1072 templum
2048 1007 2160 1056 Ves-

515 1085 574 1128 {ae
617 1084 832 1137 referunt,
867 1084 924 1130 ad
965 1082 1089 1146 quod
1126 1081 1204 1130 illa
1238 1081 1506 1147 confugerat
1523 1102 1538 1140 ;
1581 1083 1702 1145 quod
1745 1081 1847 1129 sane
1881 1082 1965 1130 effe
1999 1081 2163 1129 debuit

512 1154 565 1201 in
588 1155 822 1220 Pergamo,
846 1156 1068 1219 acropoli,
1102 1168 1152 1202 ut
1174 1157 1339 1220 templa
1359 1156 1476 1201 alia:
1525 1157 1584 1202 de
1619 1155 1881 1219 quibussub
1905 1155 1940 1204 f.
1965 1156 2155 1205 Excurs-

513 1228 589 1275 IX
613 1230 783 1277 dieium
805 1231 880 1279 est.
949 1231 1130 1279 Vestam
1153 1242 1302 1295 autem
1325 1229 1489 1277 AEneas
1511 1229 1722 1288 abduxit,
1756 1247 1860 1278 cum
1898 1230 1990 1278 Ilio
2025 1247 2159 1279 exce-⁸

513 1303 668 1352 deret:
703 1305 771 1360 II,
811 1309 920 1368 296.
958 1321 1066 1369 297·
1102 1322 1147 1351 v.
1171 1303 1360 1351 Excurs.
1384 1304 1522 1352 eund.
1590 1303 1700 1351 Erat
1744 1303 1923 1354 Helena
1964 1306 2016 1354 in
2056 1307 2156 1355 tha·-

509 1379 632 1425 lamo
658 1378 912 1443 Deiphobi,
946 1379 1078 1426 unius
1097 1395 1153 1426 ex
1178 1378 1348 1426 Priami
1370 1379 1500 1435 filiis13
1537 1379 1758 1442 adeoque,
1790 1392 1842 1427 ut
1873 1381 2039 1445 reliqui
2057 1382 2158 1435 stir-

509 1452 579 1516 pis
603 1454 757 1517 regiae,
791 1453 841 1499 in
864 1452 955 1517 ipsa
979 1453 1118 1517 regia.
1153 1452 1222 1500 cf.
1241 1452 1338 1516 sup.
1365 1460 1474 1516 503.
1509 1452 1648 1520 Iliad.
1675 1452 1718 1517 ζ,
1754 1470 1846 1516 242
1869 1453 1969 1519 sqq.²
2034 1455 2157 1521 Pug-

510 1543 569 1573 na
590 1528 739 1591 gravis
762 1527 873 1573 fabia
897 1527 957 1575 est
975 1528 1033 1573 ad
1054 1543 1152 1573 eam
1173 1527 1383 1581 domum,
1416 1525 1630 1575 Menelao
1664 1539 1709 1574 et
1730 1529 1886 1590 Ulyss'e
1904 1528 2158 1595 irrumpena

511 1601 662 1648 tibus:
721 1602 882 1664 Odyff,
916 1602 967 1657 s,
1002 1619 1113 1667 517⁴·
1167 1601 1274 1649 AEn.
1313 1600 1405 1656 VI,
1442 1617 1530 1666 525·
1571 1601 1670 1666 sqq.
1737 1601 1900 1650 Paride
1939 1616 2089 1652 autem
2129 1623 2159 1654 a

509 1674 762 1723 Philonem
793 1676 964 1732 occiso,
1014 1675 1288 1739 Deiphobus
1325 1674 1550 1723 Helenam
1595 1675 1872 1723 abduxerat:
1908 1694 1954 1726 v.
1993 1678 2157 1746 Eurip.

509 1750 686 1797 Troad.
724 1767 816 1815 952
855 1752 921 1814 sq.
956 1750 1021 1798 cf.
1042 1751 1228 1799 Conon.
1270 1750 1414 1798 Narr.
1455 1761 1581 1812 34=et
1623 1748 1722 1813 sup.¹
1757 1763 1854 1798 not.
1877 1751 1936 1798 ad
1971 1769 2014 1802 v.
2042 1771 2157 1816 3¹0³

506 1823 611 1873 Nec
634 1826 780 1872 minus
800 1825 1086 1872 luxuriarunt
1106 1825 1408 1890 Tragicorum
1450 1824 1635 1889 ingenia
1673 1824 1722 1870 in
1759 1825 2017 1875 reducenda
2053 1829 2155 1878 He-

507 1903 643 1950 lena:
701 1921 805 1950 cum
843 1903 1071 1950 Homerus
1117 1902 1381 1967 fimpliciter
1428 1919 1526 1949 eam
1575 1919 1680 1949 cum
1715 1901 1929 1950 Menelao
1962 1904 2155 1955 domum

507 1978 691 2027 r'ed'iiffe
712 1979 933 2026 narrafl'et.
1002 1978 1242 2042 Singulare
1262 1977 1341 2033 est,
1374 1978 1498 2040 quod
1531 1993 1635 2024 cum
1659 1977 1955 2026 Antenoridis
1978 1979 2156 2028 Helena

506 2054 721 2116 Cyrenen
754 2053 995 2117 perveniffe
1029 2067 1265 2101 narratur:
1319 2051 1502 2099 Pindar.
1548 2050 1681 2114 Pyth.
1722 2067 1771 2115 5,
1801 2069 1910 2100 110.
1977 2051 2155 2103 Verum
2256 2071 2261 2073 ·

507 2130 804 2175 Antenoridae
854 2140 980 2175 erant
1019 2129 1067 2175 in
1107 2129 1325 2176 comitatu
1361 2124 1583 2180 Menelai,
1638 2142 1742 2172 cum
1784 2144 1876 2190 quo
1915 2126 1996 2175 illa
2032 2129 2155 2180 inter

505 2216 685 2251 caeteros
723 2219 907 2259 errores,
942 2220 1020 2267 per
1044 2220 1156 2266 quos
1179 2201 1363 2250 maritus
1401 2202 1591 2264 jaetatus
1629 2199 1738 2254 fuit,
1773 2202 1909 2248 etiam
1954 2202 2155 2267 Libyam
2256 2236 2258 2238 -

505 2277 639 2325 adiit.
705 2277 983 2341 Expofuerat
1021 2279 1115 2326 haec
1161 2277 1454 2341 Lysimachus
1487 2280 1523 2324 ἓν
1562 2276 1727 2328 Νός-οις.)
1800 2275 1870 2325 cf.·
1899 2275 2052 2329 Sehol.
2091 2281 2153 2330 ad

504 2351 739 2416 Lycophn
764 2355 873 2417 874.

971 2488 1678 2551 F2XCURSUS⁷X11L=

791 2591 1043 2667 Anchzses
1071 2591 1301 2649 humeris
1322 2591 1516 2649 AEneae
1543 2590 1858 2667 qsportatus'.

567 2706 638 2761 Π,
672 2720 760 2770 721
780 2733 845 2742 -
859 2721 950 2770 723
1009 2706 1118 2756 IJaec
1140 2711 1349 2769 fatus—
1364 2704 1608 2767 Succedoque
1639 2711 1765 2752 oneri.
1833 2692 2034 2754 Pluri'um
2073 2723 2150 2756 ve..
2239 2772 2242 2779 Ι
2284 2724 2286 2731 ‘

502 2790 648 2828 terum
704 2792 1099 2827 monumentorum
1149 2793 1307 2825 notum
1361 2790 1698 2840 argumentum,
1754 2776 1965 2841 inprimis
2017 2798 2148 2844 gem..

502 2873 676 2902 marum
698 2868 742 2902 et
767 2871 1026 2910 numorum,
1059 2871 1104 2901 v.
1130 2853 1327 2900 Fabrett.
1378 2853 1435 2898 ad
1477 2850 1599 2898 Tab.
1633 2851 1764 2899 Iliae.
1803 2869 1851 2916 p.
1877 2868 1933 2919 37
1941 2871 1987 2916 3,
2034 2873 2151 2922 374⁶

501 2930 551 2977 in
593 2946 681 2995 qua
720 2947 766 2976 n.
816 2946 904 2994 109
949 2929 1043 2975 haec
1077 2927 1215 2974 etiam
1259 2924 1567 2989 AEneaexfuga
1605 2925 1824 2982 occurrit,
1876 2940 1923 2973 et
1959 2928 2150 2992 quidem

501 3004 741 3052 Mercurio
773 3004 889 3050 duce
909 3022 925 3060 3
968 3016 1014 3050 et
1052 3002 1214 3049 Saxius
1236 3001 1298 3049 V.
1319 3001 1382 3048 C.
1404 3001 1461 3047 ad
1490 2999 1744 3065 Virgilium
1767 3001 1923 3063 justic.
1963 3002 2024 3052 T.
2049 3004 2149 3053 IV.

500 3095 604 3142 pag.
644 3095 724 3140 41.
793 3076 1034 3124 Praeiverat
1066 3075 1188 3123 haud
1219 3075 1358 3123 dubie
1388 3073 1506 3121 inter
1543 3074 1762 3138 Cyclicos
1795 3074 2000 3126 LescheS.
2046 3078 2143 3128 vid.

502 3153 668 3219 Qint.
712 3146 893 3214 Smyrn.
927 3150 1076 3207 XIII,
1122 3167 1210 3216 145
1246 3149 1346 3214 sqq.
1387 3165 1479 3213 300
1511 3148 1611 3212 sqq.
1679 3148 1750 3196 Ut
1782 3152 2145 3212 aufem⁸humeri3

502 3227 795 3291 asportandus
832 3227 935 3274 effet
967 3225 1207 3279 AnchiseS,
1246 3241 1339 3272 non
1375 3237 1471 3270 tam*
1489 3223 1720 3288 decrepita
1758 3223 1970 3282 smefius,
2007 3236 2146 3291 quam
2264 3254 2291 3294 g,

501 3301 762 3348 debilitatio
794 3316 851 3349 ex
884 3296 1089 3348 fulminis
1126 3300 1274 3347 afflatu
1312 3297 1534 3345 effecerat.
1569 3315 1613 3345 v.
1653 3297 1770 3345 Exc.
1806 3297 1972 3348 XVII.
2042 3301 2146 3349 Oba
2242 3295 2291 3335 ²-

500 3363 670 3421 serrare
692 3373 800 3420 licet
821 3372 962 3421 etiam
985 3372 1034 3419 in
1055 3371 1252 3436 gemmis
1273 3370 1503 3418 nonnullis
1525 3372 1574 3418 τὸ
1595 3366 1782 3425 Bida-anor
1804 3374 1931 3435 <poiens
1964 3372 2015 3419 in
2041 3373 2142 3423 An·
2263 3363 2291 3408 '⁹-

502 3450 636 3499 ehisae
658 3463 787 3515 tergo
807 3450 1044 3507 fluetuans,
1083 3447 1209 3514 quod
1223 3447 1468 3512 Sophocles
1491 3446 1542 3495 in
1571 3447 1795 3497 Laocoonte
1816 3454 2046 3571 nomvgat
2065 3466 2142 3574 aq:

1848 3565 1850 3567 .
1990 3537 2098 3587 mny
2137 3575 2140 3579 ,
