2294 4030
514 283 695 356 Αι)
773 282 1252 363 [5113an
1320 288 1369 361 1.
1695 300 1800 394 153

155 468 256 531 400
276 461 453 529 'sqq.);
504 449 751 527 utrumque
796 475 949 512 tamen
994 462 1266 526 conjeEturae
1305 467 1454 530 potius
1498 470 1802 530 Graecanicae,

155 555 300 604 <quam
330 549 536 603 acceptae
566 555 596 586 a
634 539 883 600 majoribus
922 539 1195 587 narrationis
1235 539 1359 595 fidei,
1383 571 1385 576 π
1405 542 1563 592 deberi
1604 547 1805 602 videtur.

0 670 3 681 Ι
86 652 88 655 ,
156 613 325 661 Saltim
351 613 446 660 -hoc
486 628 543 660 ex
575 611 737 660 iisdem
770 613 886 661 locis
921 612 1065 660 teneri
1099 613 1219 660 forte
1242 615 1404 676 potest,
1438 616 1562 666 circa
1586 619 1800 670 Herculis

157 686 376 736 Thebani
409 685 598 734 demum
632 698 844 747 tempora
883 686 1031 734 Italiae
1069 703 1238 734 nomen
1276 687 1526 739 invaluisse.
1595 696 1803 743 Omnino

154 756 290 827 fiiper
319 759 518 809 nominis
553 758 737 823 origine
770 759 915 806 multa
949 759 1040 807 alia
1060 773 1139 808 aut
1161 763 1414 810 commenti
1435 764 1535 813 sunt
1557 780 1634 815 aut
1657 769 1802 817 tradi-

155 833 266 886 dere
287 847 482 884 veteres.
505 849 552 881 v.
579 832 793 901 Sermad
814 832 864 879 h.
887 832 919 879 l.
941 833 987 888 Ι,
1012 849 1070 897 53
1079 849 1124 894 3.
1149 833 1269 881 adde
1293 835 1364 883 his
1389 837 1608 887 Bocharti
1630 841 1802 889 somnia

155 911 378 973 (Capuan
411 909 456 964 Ι,
494 924 496 929 ·
507 909 617 972 33).
689 907 949 955 Siculorum
994 924 1155 972 regem
1202 910 1404 974 appellat
1447 914 1619 962 Italum
1663 917 1806 965 etiam

156 983 467 1050 Tlincydides
507 984 600 1034 VI.
653 982 717 1031 cf.
749 984 942 1031 Cluver.
977 984 1086 1031 Ital.
1124 986 1167 1039 I,
1201 1002 1248 1048 p.
1290 1001 1347 1034 10
1384 987 1503 1052 sqq„
1537 990 1617 1053 qui
1651 1005 1806 1042 tamen

153 1061 320 1111 :frustra
341 1069 538 1107 conatur
555 1058 754 1114 efficere,
789 1070 840 1106 ut
861 1055 1011 1105 Italiae
1035 1074 1204 1106 nomen
1241 1061 1381 1108 Latio
1418 1064 1657 1126 proprium
1680 1067 1808 1116 fuisse

155 1135 383 1184 videatur.
454 1127 708 1188 Caeterum,
742 1132 868 1198 quod
905 1133 955 1180 in
980 1132 1211 1181 Servianis
1235 1134 1293 1181 ad
1314 1152 1362 1182 v.
1406 1155 1430 1201 5
1440 1154 1498 1200 32
1523 1139 1603 1187 lib.
1636 1142 1661 1188 I
1684 1141 1806 1208 legi-

155 1223 253 1260 tur:
288 1209 524 1264 OEnotria‚
558 1223 607 1257 ut
644 1210 787 1257 Varro
826 1211 952 1262 dicit,
987 1208 1045 1255 ab
1079 1209 1273 1266 OEnotr0‚
1309 1210 1563 1260 Sabinorum
1586 1233 1702 1279 rege,
1725 1216 1799 1265 vi-

156 1284 360 1333 dendum
383 1285 464 1339 est,
481 1301 541 1333 an
563 1301 591 1332 a
613 1285 782 1333 seriore
807 1301 946 1332 manu
969 1283 1255 1333 inculcatum
1279 1285 1347 1333 fit.
1418 1287 1658 1339 Consentit
1674 1290 1804 1341 ,enim

160 1379 267 1412 eum
283 1361 359 1418 iis,
382 1379 484 1427 quae
505 1378 533 1410 a
551 1363 733 1411 Catone
755 1360 971 1410 Anniano
995 1378 1041 1424 p.
1063 1361 1092 1408 6
1118 1360 1372 1409 traduntur.

584 1481 1164 1530 EXCURSUS
1235 1481 1398 1530 XXII.

380 1579 530 1638 Auro
559 1579 805 1655 inclusum
833 1578 980 1649 ebur,
1010 1599 1249 1649 marmor,
1280 1591 1574 1656 argentum.

229 1691 275 1749 I,
311 1694 582 1760 588—593.
620 1693 796 1756 Restitit
817 1690 1011 1746 AEneas,
1043 1691 1246 1756 claraque
1267 1699 1313 1741 in
1336 1694 1426 1741 luce
1448 1696 1630 1761 rffuffit³
1664 1696 1809 1761 Quale

166 1788 315 1818 manus
353 1771 517 1816 addunt
538 1767 652 1815 ebori
675 1770 812 1821 decus,
846 1781 925 1813 aut
947 1766 1020 1813 ubi
1033 1770 1170 1830 flavo
1202 1770 1438 1832 Argentum
1458 1772 1677 1834 Pariusve
1698 1773 1811 1837 lapis

162 1845 459 1890 circumdatur
494 1859 616 1888 auro·
688 1840 1102 1903 Comparationem
1140 1843 1286 1904 vulgo
1325 1843 1445 1889 male
1478 1843 1725 1892 institutam
1760 1847 1810 1894 in

167 1918 315 1965 altera
349 1914 554 1963 editione
589 1913 907 1961 deserueram:
944 1916 1065 1961 reete
1101 1933 1284 1979 quoque
1321 1916 1533 1964 adversus
1563 1919 1688 1967 illam
1727 1922 1813 1969 dis-

166 1990 353 2056 putavit
376 1988 636 2050 Mejerotto
658 1989 722 2036 V.
750 1988 808 2034 C.
842 1983 1082 2036 in‘Dubiis
1107 2007 1153 2052 p.
1195 2009 1219 2054 3
1229 2009 1273 2056 5.
1343 1991 1548 2040 Primum
1572 1996 1810 2045 conferen-

167 2065 229 2113 da
263 2078 376 2113 cum
410 2064 457 2110 h,
490 2063 522 2110 1.
563 2062 647 2109 inf.
686 2062 747 2116 X,
789 2078 874 2127 135
912 2062 1011 2127 sqq.
1045 2065 1240 2112 Homer.
1278 2064 1436 2129 Odyff.
1472 2065 1512 2127 ζ’,
1539 2085 1813 2137 229—235.

94 2146 100 2149 ’
168 2141 233 2197 ψ,
263 2140 370 2205 156.
402 2138 507 2186 162.
577 2137 655 2184 De
678 2136 822 2184 statua
844 2155 902 2184 ex
926 2137 1082 2193 ebore,
1107 2151 1319 2204 argento,
1346 2142 1419 2187 vel
1442 2158 1669 2191 marmore
1693 2146 1813 2194 faEta

173 2215 256 2263 vix
290 2215 411 2262 reete
452 2214 550 2259 haec
594 2210 830 2276 accipian
865 2212 1079 2275 quorsum
1120 2212 1242 2260 enim
1279 2214 1510 2279 pertinere
1549 2219 1597 2264 τὸ
1635 2225 1813 2268 circum-

169 2293 299 2339 datus
333 2286 540 2336 dixeris?
577 2303 685 2333 nam
725 2285 784 2333 ad
819 2286 1061 2333 inaurandi
1085 2287 1331 2335 artificium
1355 2290 1498 2337 multo
1522 2292 1672 2340 minus
1696 2295 1814 2342 bene

169 2366 262 2414 hoc
301 2363 490 2411 referas.
561 2361 880 2426 Cogitandum
905 2362 1062 2409 saltem
1087 2362 1145 2409 de
1182 2363 1413 2427 sculptura
1434 2366 1504 2413 vel
1528 2370 1811 2433 anaglypho.

122 2450 126 2453 ’
173 2439 432 2488 Enimvero
470 2435 682 2498 accipere
726 2437 904 2499 praestat
948 2436 1214 2500 simpliciter
1254 2438 1312 2485 de
1352 2452 1622 2488 ornamento
1661 2443 1816 2507 aliquo

103 2550 108 2557 .
175 2513 251 2563 trel
271 2511 480 2566 cimelio,
516 2527 573 2557 ex
597 2510 754 2564 ebore,
789 2522 1004 2574 argento,
1030 2511 1103 2558 vel
1128 2528 1355 2559 marmore
1378 2513 1516 2568 fafio,
1552 2516 1674 2579 quod
1696 2517 1816 2567 intra

174 2586 314 2636 aliam
337 2584 599 2638 materiam,
633 2584 681 2632 h.
722 2584 755 2631 1.
794 2601 975 2638 aurum,
1010 2586 1389 2647 comprehensum
1426 2602 1472 2635 et
1494 2588 1713 2639 inclusum
1736 2595 1815 2649 est,

175 2673 230 2710 ut
263 2661 331 2708 ita
365 2659 466 2706 auri
503 2657 745 2722 splendore
782 2660 1038 2722 repercuss‘o
1081 2659 1310 2707 interioris
1349 2663 1552 2710 materiae
1574 2666 1745 2714 candor
1768 2680 1816 2717 et

175 2735 299 2784 nitor
336 2746 467 2782 tanto
504 2733 670 2781 clarius
700 2733 939 2797 effulgeat.
1010 2734 1087 2781 Ad
1124 2734 1311 2782 similem
1335 2735 1524 2784 modum
1546 2738 1636 2788 viri
1657 2739 1817 2791 divina

176 2811 269 2860 oris
286 2810 517 2875 dignitate
540 2808 688 2857 ornati
709 2808 881 2872 species
906 2822 1006 2858 erat
1029 2822 1160 2858 tanto
1183 2810 1330 2874 magis
1349 2810 1533 2875 insignis
1557 2826 1603 2862 et
1625 2817 1815 2876 praecla-

178 2902 250 2942 ra,
268 2883 394 2949 quod
415 2882 582 2931 nimbus
588 2883 801 2949 fulgidas
826 2900 931 2930 eum
955 2883 1290 2932 circumdabat.
1357 2885 1495 2949 Qod
1515 2887 1654 2934 etiam
1669 2890 1816 2938 multo

180 2960 336 3025 magis
368 2968 502 3023 patet
524 2973 583 3005 ex
613 2958 761 3004 altero
794 2957 899 3005 loco
929 2958 1012 3006 lib.
1051 2958 1114 3012 X,
1148 2972 1231 3022 135
1270 2956 1336 3020 sq.
1366 2959 1525 3020 Qalis
1540 2979 1706 3023 gemma
1735 2968 1814 3010 mi-

179 3047 272 3089 cat,
291 3032 479 3099 fulvum
516 3050 612 3096 quae
640 3033 816 3079 dividit
852 3052 1006 3081 aurum
1049 3035 1182 3095 (auro
1220 3031 1414 3092 inclusa)
1447 3034 1534 3080 Aut
1558 3033 1654 3082 collo
1692 3037 1819 3086 decus

180 3123 262 3158 aut
299 3111 474 3172 capiti;
507 3102 590 3155 ‘vel
627 3104 752 3170 quale
784 3117 867 3169 per
910 3119 1048 3154 artem
1089 3105 1320 3155 Inclusum
1361 3106 1502 3163 buxo,
1537 3121 1616 3154 aut
1657 3109 1814 3157 Oricia

179 3181 416 3235 terebintho
453 3181 582 3229 Lucet
617 3180 746 3228 ebur.
834 3179 1057 3228 Ascanius
1099 3179 1270 3227 scilicet
1303 3179 1420 3226 inter
1469 3190 1656 3233 eaeteros
1691 3198 1813 3248 pug-

180 3270 343 3311 nantes
360 3254 628 3320 consp'icuus
650 3255 712 3303 est
734 3253 826 3303 oris
849 3255 1000 3303 nitore
1038 3267 1084 3302 et
1107 3253 1460 3317 pulchritudine.
1530 3255 1597 3304 At
1634 3255 1815 3305 Home-

134 3347 137 3349 “
181 3351 278 3391 rus,
327 3350 355 3381 e
396 3347 488 3397 quo
525 3342 720 3397 uterque
757 3331 886 3379 locus
926 3329 1173 3395 express'uS,
1222 3328 1332 3376 dum
1352 3328 1562 3393 Ulyss‘em
1597 3331 1744 3385 lotum
1766 3343 1815 3381 et

109 3443 136 3471 a*

179 3402 367 3459 ‘imaum
418 3423 542 3456 nova
589 3409 798 3472 corporis
850 3406 1082 3476 dignitate
1143 3404 1345 3455 enituiffe
1405 3406 1642 3460 declarare
1697 3409 1816 3461 vult,

126 3479 451 3553 sinpliciter
485 3497 709 3548 argentum
745 3502 850 3532 auro
891 3482 1086 3546 inclustm
1129 3492 1372 3535 memorat,
1422 3482 1622 3532 versibus
1662 3493 1816 3534 tamen

444 3573 473 3626 3
1644 3553 1817 3610 nitidis-
