2294 4030
602 233 1367 355 AENEI‘Dos,L113.·
1414 275 1524 340 v1.
1600 275 1611 280 ·

1746 264 1868 363 733ss

153 464 155 467 ’
233 442 524 504 Vendidit
542 441 640 502 hic
657 461 800 502 auro
818 440 1094 521 patriam,
1113 437 1546 520 dominumque
1563 451 1870 519 potentem

237 553 524 635 Inposuit,
554 555 686 614 fixit
714 555 871 635 leges
901 555 1094 635 pretio
1120 567 1298 632 atque
1324 553 1541 612 refixit.
1630 567 1634 570 ’

1751 554 1862 614 621

239 668 365 735 Hic
395 666 729 726 thalamum
757 664 965 725 invafit
983 680 1139 724 natae
1160 662 1486 743 vetitosque
1503 663 1870 742 hymenaeOS.

293 830 390 872 622.
414 831 598 888 pretioque
617 827 696 871 ed-
712 828 816 867 Ven.

927 825 1022 877 623.
1053 826 1223 867 thalamos
1256 837 1353 867 natae
1378 827 1512 880 invasit
1543 826 1645 867 alter
1672 828 1799 872 Goth.
1829 839 1873 873 et

489 901 584 934 tert.
642 893 698 934 th.
730 894 758 932 i.
779 900 875 936 nata
893 891 1148 947 inconcffsque
1165 893 1206 932 h.
1227 889 1330 929 male
1349 903 1397 930 ex
1414 889 1486 934 lib.
1509 891 1541 939 1,
1557 890 1653 945 659.

238 1023 519 1088 poenitentiae
539 1036 584 1071 et
617 1023 780 1072 summi
818 1025 1023 1071 moeroris

218 1087 413 1147 ¹sensum
446 1089 582 1152 prodi
607 1101 730 1153 puta.
797 1089 866 1135 Ita
900 1089 1022 1136 sede-

242 1150 354 1200 bant
394 1152 595 1200 Theseus
629 1165 675 1200 et
710 1152 936 1200 Pirithous
972 1153 1021 1200 in

239 1217 398 1264 tabula
439 1216 687 1282 Polygnoti
722 1233 794 1281 ap.
835 1217 1020 1265 Pausan.

243 1280 316 1335 X,
353 1297 428 1353 29.
516 1279 578 1328 Et
615 1282 749 1328 talem
796 1281 1022 1329 Theseum

242 1345 471 1394 sedentem
514 1345 562 1391 in
604 1345 744 1392 Sarda
772 1347 1020 1409 expreffum

243 1409 372 1456 vides
391 1426 463 1474 ap.
481 1408 846 1458 Winckelmann.
870 1426 914 1456 n.
937 1410 1020 1457 CI.

242 1473 299 1521 In
318 1485 469 1538 patera
490 1472 667 1529 Italica,
690 1473 924 1520 Etruscam
946 1491 1022 1520 vo-

246 1549 372 1594 cant,
427 1554 526 1602 quae
570 1537 763 1584 Veronae
806 1538 1023 1591 servatur,

246 1602 447 1650 Theseus
484 1601 683 1666 serpente
720 1603 1027 1655 circumdatus

246 1667 480 1721 retinetur,
516 1666 715 1718 Hercule
746 1667 1025 1721 adveniente,

246 1747 320 1795 ap.
344 1730 501 1779 Passer.
528 1729 639 1782 Pici.
665 1730 842 1781 Etrusc.
867 1731 930 1778 T.
956 1730 1025 1785 II,

245 1812 293 1860 p.
317 1813 396 1860 49.
441 1795 537 1859 Qui
559 1807 798 1847 narrantur
821 1801 1025 1858 Στςωτοῖς

247 1866 285 1910 ἐν
305 1864 504 1923 λεχέεσσι
523 1861 723 1922 jacentes
754 1859 801 1906 in
825 1860 1022 1907 Tartaro

249 1941 323 1989 ap.
380 1924 633 1971 Hefiodum
689 1923 874 1988 Theog.
915 1941 1025 1988 797·

250 1992 366 2055 798,
399 1989 458 2035 ad
496 1987 682 2052 perjurii
721 2004 799 2052 per
841 1990 1027 2053 Stygem

247 2070 428 2118 poenam
476 2052 718 2116 pertinent.
814 2052 900 2100 Sed
944 2051 1028 2099 rni-

247 2118 452 2166 taculum
498 2117 563 2164 rei
619 2115 824 2163 additum
865 2119 926 2166 est
979 2118 1028 2164 in

249 2199 327 2239 e0,
373 2182 498 2247 quod
540 2181 738 2228 Theseus
781 2182 887 2228 saxo
925 2182 1027 2229 inst-

254 2247 356 2300 det,
404 2263 486 2294 nec
531 2245 640 2292 inde
678 2248 824 2292 levare
868 2263 1028 2310 corpus

161 2315 164 2317 ’
283 2312 406 2359 otest.
438 2311 564 2360 conf.
598 2310 756 2357 Schol.
796 2309 1032 2374 Apollonii

249 2328 298 2432 Ι,
337 2393 441 2424 101.
506 2375 632 2422 Inter
672 2376 869 2421 austores
902 2374 1032 2438 hujus

253 2438 527 2489 narrationis
579 2438 670 2486 fuit
713 2438 934 2500 Panyafis.
984 2457 1028 2491 v.

257 2503 443 2552 Pausan.
482 2503 523 2552 Ῑ.
559 2519 602 2553 C·
643 2509 846 2567 πξοσφυὲς
875 2504 915 2551 δὲ
946 2506 1032 2557 ἀπὸ

256 2576 314 2617 τέ
349 2570 517 2633 χςωτός
565 2569 661 2615 ἀντὶ
702 2569 858 2627 δεσμῶν
890 2570 1032 2630 σφίσιν

251 2639 330 2696 ἔφη
366 2636 442 2685 τὴν,
465 2638 640 2696 πέτραν.
706 2633 943 2685 Liberatus
964 2646 1031 2680 ta,

251 2715 360 2748 -men
409 2709 455 2745 et
508 2699 714 2745 reduCtus
765 2715 822 2747 ex
874 2698 1034 2745 inseris

257 2763 459 2812 Theseus
480 2763 538 2810 ab
558 2762 757 2810 Hercule
775 2781 789 2817 ;
827 2762 1034 2810 Pirithoo

252 2827 432 2883 reliCio,
466 2843 570 2873 cum
605 2839 732 2877 terrae
751 2839 896 2874 motus
916 2827 1034 2873 Her-

255 2893 404 2940 culem
432 2891 766 2945 absterruiffet:
812 2891 1033 2964 Apollod.

245 2956 399 3021 1125,
427 2972 512 3012 12;
547 2958 666 3002 unde
686 2967 823 3019 patet,
856 2972 905 3002 m
942 2955 1036 3002 He-

254 3022 402 3074 raclea
431 3018 611 3083 antiqui
644 3025 791 3083 po'etae
830 3020 922 3066 haec
958 3035 1036 3066 ex-

257 3085 428 3196 positas
442 3082 597 3133 fuiffe:
632 3083 711 3133 ubi
747 3101 793 3132 v.
837 3083 954 3131 Not.
988 3100 1034 3146 p.

255 3165 521 3288 segrebgtur
542 3211 768 3277 Virgilius
790 3210 885 3276 sup.
927 3227 944 3259 1
955 3227 1035 3269 22,

255 3276 344 3330 -ubn
369 3278 429 3327 de
447 3291 500 3324 ea
522 3292 569 3326 re
591 3278 678 3324 ‘arn
711 3276 936 3324 monitum
956 3276 1032 3324 est.

156 3350 159 3352 ’
253 3340 563 3416 Γᾷζςς]αε,ἀε
617 3341 879 3406 hlegyarum
901 3351 1036 3414 gente

256 3406 344 3468 alu
383 3417 662 3472 acceperant,
703 3421 805 3470 quae
844 3403 1034 3475 Mmya·

549 3147 815 3197 Contrarias
859 3147 1035 3194 fabulas
1055 3203 1066 3211 ¹

1100 1023 1203 1070 dem
1262 1021 1453 1071 Boeotiae
1506 1023 1778 1075 inhabitavit
1827 1040 1875 1076 et

1101 1100 1281 1150 propter
1303 1086 1577 1150 impietatem
1609 1107 1635 1137 a
1657 1091 1744 1139 deo
1763 1092 1874 1140 abo-

1101 1152 1186 1197 lita
1207 1151 1296 1198 fuit
1337 1155 1400 1210 (v.
1437 1151 1621 1202 Pausan.
1663 1155 1758 1212 IX,
1794 1159 1872 1218 36.

1103 1215 1238 1262 Adde
1262 1214 1328 1260 H.
1352 1216 1400 1262 in
1430 1216 1588 1280 Apoll.
1614 1237 1638 1268 z
1678 1223 1722 1267 8.
1761 1239 1873 1288 279.

1104 1278 1227 1325 Nam
1264 1278 1483 1343 Phlegyas
1523 1237 1774 1342 Thessaliae,
1816 1290 1877 1334 de

1102 1344 1267 1405 quibus
1304 1343 1465 1391 Strabo
1521 1345 1737 1399 videndus
1778 1351 1874 1406 IX,

1103 1424 1149 1471 p.
1188 1423 1281 1469 442
1318 1407 1372 1461 B,
1407 1408 1495 1455 huc
1533 1412 1752 1460 advocare
1783 1432 1876 1462 non

1104 1472 1247 1532 licet).
1316 1470 1489 1519 Verum
1522 1491 1611 1521 non
1648 1478 1707 1523 de
1748 1480 1876 1526 Phle⁴

1105 1536 1206 1599 gyis
1249 1535 1508 1592 Maronem,
1543 1539 1616 1585 sed
1655 1545 1704 1588 de
1753 1544 1876 1590 Phle-

1097 1621 1212 1665 gya,
1243 1599 1419 1647 Ixionis
1452 1614 1497 1648 et
1556 1603 1820 1662 Coronidis.
1852 1624 1879 1655 e

1107 1681 1194 1727 qua
1233 1664 1539 1728 AEsculapium
1586 1669 1755 1732 Apollo
1788 1672 1878 1718 sus-

1104 1728 1242 1792 cepit,
1314 1740 1458 1792 patre,
1510 1731 1589 1794 qui
1646 1736 1879 1797 Apollinis

1104 1794 1320 1856 templum
1351 1792 1539 1866 Delphis
1571 1797 1773 1845 incendit
1811 1806 1878 1856 (v.

1108 1857 1275 1917 Serv.),
1310 1858 1624 1920 acciplendum
1662 1865 1763 1917 effe,
1783 1864 1876 1924 jam

1109 1922 1360 1968 docuerunt
1377 1921 1525 1986 Intpp.
1549 1941 1604 1971 ex
1619 1926 1753 1973 Statii
1776 1928 1880 1976 imi-

1109 1987 1280 2032 tatione
1330 1986 1479 2034 Theb.
1520 1988 1560 2044 I,
1607 2007 1696 2053 712
1739 1992 1800 2055 sq.
1834 2006 1881 2041 et

1111 2050 1220 2098 Val.
1265 2049 1333 2100 Fl.
1374 2050 1440 2105 II,
1497 2069 1580 2113 193
1624 2054 1741 2117 sqq..
1782 2074 1881 2121 quae

1109 2115 1212 2161 loca
1275 2114 1559 2164 conferenda.
1665 2119 1883 2184 Phlegyas

1109 2178 1256 2242 igitur
1271 2180 1458 2227 deorum
1474 2192 1744 2239 contemtor,
1763 2187 1882 2249 apud

1109 2243 1279 2289 inferos
1298 2244 1355 2289 ad
1370 2244 1587 2308 justitiam
1609 2260 1652 2292 et
1671 2247 1885 2311 pietatem

1112 2307 1344 2354 colendam
1389 2310 1651 2368 exhortatur
1713 2329 1885 2369 omnes,

1111 2371 1384 2418 nobiliffimo
1421 2372 1502 2419 illo
1534 2373 1695 2423 versu:
1732 2379 1886 2440 Dffcite

1096 2439 1166 2501 j.,
1203 2435 1282 2499 qui
1314 2437 1486 2500 magnis
1520 2437 1626 2487 viris
1663 2442 1814 2496 multis
1835 2442 1885 2489 in

1114 2515 1191 2547 ore
1236 2499 1417 2554 habitus
1456 2501 1568 2555 fuit,
1601 2516 1646 2550 et
1685 2505 1884 2553 Munch-

1114 2564 1258 2620 hufio,
1302 2563 1548 2619 immortali
1603 2567 1722 2624 viro,
1793 2570 1886 2617 fre-

1114 2641 1317 2692 quenter.
1383 2628 1511 2676 Nota
1534 2647 1712 2695 quoque
1733 2633 1887 2684 fabula

1114 2693 1172 2740 de
1214 2692 1417 2740 daemone
1457 2694 1753 2759 interrogato,
1787 2700 1889 2761 quis

1116 2773 1172 2803 ex
1208 2756 1418 2804 omnibus
1460 2757 1653 2821 Virgilii
1695 2762 1888 2811 verfibus

1114 2821 1217 2868 esset
1232 2821 1609 2885 praestantiffimuS.
1647 2824 1758 2872 Non
1775 2828 1889 2874 male

1115 2897 1264 2932 autem
1307 2899 1583 2948 augurantur
1621 2888 1710 2936 viri
1762 2891 1887 2939 docti

1116 2949 1300 2996 duetum
1345 2950 1541 2998 colorem
1572 2968 1646 3010 ,ex
1704 2953 1889 3003 Pindari

1118 3013 1281 3061 illustri
1318 3014 1423 3062 loco
1462 3013 1595 3077 Pyth.
1633 3017 1699 3072 ΙΙ,
1734 3034 1797 3080 39
1818 3019 1885 3084 sq.

1118 3083 1225 3126 Θεῶν
1261 3077 1300 3126 δ’
1332 3082 1574 3140 ἔφετμαῖσιν
1593 3080 1740 3138 Ἰξιόνά
1762 3097 1888 3144 Parra

1118 3149 1263 3190 ταῦτα
1282 3145 1445 3206 βροτοῖς
1460 3147 1608 3203 λέγειν,
1632 3149 1667 3193 ἓν
1684 3152 1886 3211 πτερόεντι

1119 3213 1263 3272 τροχῷ
1300 3215 1454 3257 Παντοῖ
1484 3210 1762 3270 κυλινδόμενον·
1814 3217 1890 3264 To»

1115 3277 1331 3335 εῦεςγέτσιν
1418 3277 1596 3333 ἀγαναῖς
1691 3282 1889 3336 ἀμοιβαῖς

1118 3339 1414 3400 Ἐποιχομένες
1453 3339 1660 3389 τίνεσθαι.
1729 3349 1873 3392 moniti

1114 3401 1173 3472 h.
1213 3418 1255 3458 e.
1308 3404 1515 3469 exemplo
1586 3422 1706 3465 meo,
1763 3381 1890 3471 quoti

1808 3488 1892 3537 Pro
