2372 4030
483 384 650 438 Lxu
785 357 1691 453 *DlSQxUISITIO
1780 360 1838 448 1,
1903 367 1938 374 ”

475 566 696 615 rerum
745 538 1083 607 eventibus
1134 531 1560 627 praetenderet
1586 541 1650 604 *ω
1746 536 2131 612 Achillei-im

474 659 748 752 quidem
784 656 980 723 robur
1003 670 1067 720 et
1109 652 1446 720 iracundia
1479 655 1689 720 aliena
1719 641 1897 721 erant
1923 679 1959 723 a
1989 671 2132 726 toto

472 789 856 867 argumento
882 803 904 849 ς
957 770 1167 837 sedata
1209 785 1272 835 et
1297 769 1558 860 placida
1588 785 1651 835 et
1699 768 2131 837 humanitatis

470 888 655 957 sensu
686 903 1043 978 temperata
1075 883 1166 951 est
1217 884 1456 950 AEneae
1505 884 1709 955 virtus
1738 914 1766 960 ς,
1841 899 1929 961 et,
1976 884 2131 950 licet

473 1002 966 1072 concedendum
995 999 1361 1089 fit,epicam
1383 999 1524 1072 vim
1549 998 1866 1090 majorem
1882 998 2131 1069 Achilli

472 1117 692 1195 ineffe,
766 1139 899 1183 non
964 1131 1185 1180 tamen
1255 1138 1486 1180 omnes
1566 1115 1781 1205 epicas
1826 1111 2131 1205 personas

475 1231 809 1300 Achillem
842 1230 1071 1300 referre
1104 1230 1277 1323 poffe
1304 1230 1727 1303 manifestum
1753 1208 1867 1300 est.
1967 1234 2130 1301 Mc-

473 1369 572 1413 ras
593 1368 842 1438 pugnas
869 1347 1242 1413 Homericis
1266 1345 1506 1412 fimiles
1527 1365 1588 1413 et
1612 1345 1969 1414 belluinam
1992 1345 2134 1414 for-'

472 1461 830 1529 titudinem
862 1464 977 1528 vix
1008 1462 1324 1553 probaffet
1351 1462 1674 1554 Augustei
1721 1461 1937 1530 saeculi
1992 1464 2128 1529 ele-

473 1580 735 1674 gantius
789 1594 851 1644 et
906 1579 1172 1643 mollius
1221 1578 1579 1667 judicium.
1680 1578 1862 1643 Cum
1905 1578 2131 1668 itaque

475 1695 751 1762 omnino
781 1691 1085 1758 AEneidis
1116 1691 1280 1755 alius
1336 1714 1409 1754 ac
1441 1689 1732 1757 diversus
1762 1691 2020 1781 prorsus
2054 1691 2130 1767 fit

473 1808 804 1875 character
827 1827 1030 1895 quam
1060 1803 1304 1879 Iliadis,
1331 1804 1480 1894 quis
1506 1827 1639 1869 non
1666 1804 1842 1870 videt
1874 1805 2129 1894 impor-

474 1940 711 1990 tunum
741 1920 887 1998 effe,
914 1922 984 1987 in
1006 1921 1286 1988 AEneide
1310 1921 1636 2010 requirere
1663 1944 1760 1999 ea,
1793 1945 1943 2011 quae
1973 1921 2126 1988 Ilia--r

476 2038 543 2105 di
578 2038 697 2105 fint
728 2038 989 2129 propria
1015 2069 1037 2115 ς
1118 2036 1372 2103 easdem
1430 2037 1804 2114 animorum
1862 2037 2127 2106 inflam-

476 2155 847 2229 mationeS,.
877 2152 1091 2229 aestUS,
1144 2151 1601 2242 tempestates?
1652 2151 1867 2225 insunt
1891 2151 2126 2218 AEne-i·

475 2265 544 2332 di
568 2266 897 2357 alia‚'quae
922 2267 1152 2358 probes
1168 2299 1188 2343 ς
1233 2266 1467 2357 quidni
1494 2268 1563 2332 in
1585 2265 1689 2334 his
1715 2264 2125 2357 acquiescas?

477 2380 600 2446 Sed
633 2379 969 2447 infinitum
999 2382 1147 2448 effet
1205 2383 1430 2448 omnia
1489 2381 1815 2473 persequi,
1861 2401 2011 2472 quae
2043 2381 2126 2447 ab

471 2495 581 2568 iis,
630 2494 747 2583 qui
774 2493 1034 2560 subtiles
1068 2493 1411 2584 po'etarum
1457 2493 1710 2583 judices
1765 2480 1979 2559 videri-
2001 2516 2125 2559 vo·-

475 2606 640 2681 lunt,
666 2588 852 2671 'dum
886 2632 1099 2674 rerum
1133 2625 1542 2699 argumenta,
1579 2608 1909 2699 exempla,
1938 2605 2126 2674 caus-

477 2717 573 2784 sas
607 2734 669 2783 et
699 2721 979 2786 rationes
1009 2721 1306 2809 miscent,
1359 2740 1603 2813 temere
1655 2717 2001 2789 laudantur
2046 2742 2122 2787 ac

475 2839 1056 2931 reprehenduntur,
1107 2844 1408 2935 inprimis
1464 2844 1719 2936 quoties
1764 2842 2122 2934 Virgilium

475 2970 537 3018 et
574 2954 948 3019 Homerum
979 2958 1143 3022 inter
1178 2955 1239 3022 se
1271 2971 1673 3046 comparant.
1772 2954 1895 3020 Sed
1926 2954 2120 3021 nobis

477 3067 914 3134 retundendus
946 3070 1033 3135 est
1064 3072 1311 3146 omnis,
1350 3095 1483 3160 quo
1509 3067 1718 3158 abripi
1760 3065 2118 3157 possemus,

475 3181 786 3271 impetus,
886 3184 1112 3275 Itaque
1136 3207 1253 3250 nec
1278 3183 1703 3249 Warburtoni
1735 3180 2119 3260 sententiam

540 3337 569 3362 ⁴⁶
607 3339 787 3387 Multus
812 3342 874 3388 est
898 3341 1086 3390 Servius
1114 3343 1270 3405 paffim
1292 3341 1342 3390 in
1363 3341 1475 3396 hoe,
1510 3354 1560 3389 ut
1581 3342 1781 3391 AEneam
1811 3357 1870 3390 ex
1893 3337 2120 3398 Flaminis

474 3411 667 3474 alicujus
689 3415 765 3462 vel
789 3416 1026 3464 Pontificis
1061 3416 1260 3475 persona
1290 3416 1496 3480 plurima
1531 3416 1670 3480 egisse
1691 3416 1861 3464 doceat
1880 3432 1927 3462 vt.
1952 3430 1998 3463 o.
2021 3414 2120 3469 IV,

477 3501 561 3551 ²9³
594 3504 744 3552 pravo
765 3491 923 3555 utique
947 3490 1183 3548 acumine,
1216 3490 1348 3556 cujus
1366 3504 1523 3542 tamen
1538 3491 1707 3543 fundus
1730 3481 1897 3559 aliquis
1922 3489 2008 3539 effe
2031 3487 2118 3537 de·

475 3560 597 3612 buit.
631 3561 697 3611 cf.
717 3558 940 3615 Macrob.
963 3566 1062 3622 III,
1103 3581 1122 3614 1
1151 3565 1219 3631 sq.
1981 3591 1984 3595 ·
2102 3571 2120 3579 ’

1831 3631 2111 3722 attinge-

2345 715 2372 956 ἒ

2349 957 2372 1202 ξ

2352 1247 2372 1688 ἶ
