2294 4030
453 288 583 353 660
671 286 743 348 P.
810 280 1327 346 VIRGILII»
1372 276 1891 351 MARONIS

462 447 643 511 Cae'ca
661 463 868 528 regens
886 444 992 505 filo
1011 444 1278 527 vestigia.
1321 443 1421 506 Tu
1445 465 1686 528 quoque
1705 468 1993 531 magnam
2020 453 2106 531 36

455 564 697 627 Partem
716 578 894 640 opere
911 559 975 618 in
990 571 1176 632 tanto,
1193 557 1405 621 fineret
1424 562 1611 638 dolor,
1629 564 1812 639 Icare,
1830 564 2101 631 haberesa

453 679 559 739 Bis
585 690 976 743 conatuserat
997 672 1161 734 casus
1188 672 1468 754 effingere
1494 670 1562 731 in
1585 680 1732 734 auro
1752 697 1771 735 ε

453 791 557 855 Bis
582 773 793 872 patriae
820 785 1089 847 cecidere
1116 801 1348 844 manus·
1393 778 1562 864 Qin
1588 797 1873 862 protenus
1893 788 2102 852 omnia.
2134 820 2139 827 ·

453 902 830 983 Perlegerent
854 896 1078 966 oculis;
1120 895 1184 954 ni
1201 894 1337 975 jam
1363 893 1698 974 praemiffus
1718 895 1984 960 Achates
2069 930 2073 937 .,

450 1017 725 1086 Adforet,
747 1026 923 1092 atque
944 1029 1060 1070 una
1081 1009 1303 1069 Phoebi
1327 1007 1672 1091 Triviaeque
1700 1010 1990 1088 sacerdoS,
2015 1029 2051 1094 3
2060 1024 2094 1094 ς

449 1124 768 1208 Deiphobe
796 1121 1033 1195 Glauci,
1074 1119 1234 1181 fatur
1258 1139 1398 1201 quae
1427 1121 1568 1182 talia
1597 1123 1756 1206 regi:

501 1318 568 1358 30.
595 1308 702 1359 legens
716 1306 848 1359 Sprot.
871 1313 911 1344 et
933 1302 1188 1355 Vratiss.,[sed
1202 1300 1269 1342 fila
1286 1302 1368 1357 lqgit
1381 1303 1577 1354 Theseus,
1588 1301 1666 1360 fila
1683 1314 1725 1346 et
1742 1302 1822 1347 iter
1839 1308 1933 1347 rexit
1947 1303 2098 1347 Daeda⁴

445 1372 522 1414 lus.
551 1371 601 1413 cf.
622 1373 760 1411 Burm.
873 1379 939 1419 31.
969 1378 1106 1421 operum
1127 1368 1256 1408 Goth.
1278 1381 1342 1421 pr.
1399 1372 1435 1407 in
1455 1369 1563 1410 abest
1580 1370 1629 1410 ab
1643 1370 1771 1411 altero
1786 1371 1940 1413 Hamb.
1994 1371 2096 1410 labor

446 1438 552 1476 Ven.
566 1448 640 1487 pro
653 1447 736 1474 var.
756 1432 849 1473 leot.
872 1441 913 1472 et
932 1431 994 1472 ed.
1015 1433 1121 1472 Ven.
1177 1430 1315 1471 Verba
1333 1432 1438 1473 Icare
1455 1434 1592 1473 bahem
1611 1447 1635 1474 a
1649 1435 1852 1476 nonnullis
1869 1435 2005 1483 codd„
2030 1433 2096 1474 in·-

443 1508 507 1540 ter
526 1512 624 1552 quos
642 1501 850 1537 Romanus
866 1495 936 1544 est,
973 1494 1101 1535 abesse
1130 1495 1233 1536 vidit
1266 1496 1435 1538 Pierius.
1549 1509 1616 1549 33.
1643 1503 1758 1539 onmia
1791 1499 2096 1540 Grammaticoe

442 1576 534 1603 rum
553 1572 592 1602 et
612 1562 859 1616 optimorum
879 1559 1011 1606 codd,
1037 1558 1181 1612 quibus
1198 1558 1347 1612 fragm.
1365 1561 1499 1602 Vatic.
1522 1562 1639 1612 adde,
1664 1563 1722 1604 est
1751 1563 1887 1604 leetio.
1916 1576 1960 1604 v,
1984 1562 2093 1602 Pier-

442 1636 485 1667 et
504 1627 658 1675 Heius„
683 1636 728 1666 ut
754 1639 826 1679 per
844 1623 1040 1677 synizefin
1071 1623 1219 1664 scilicet
1257 1623 1508 1664 efferendum
1542 1622 1591 1666 sit
1627 1631 1753 1682 omry'a.
1808 1626 2092 1669 Librariorum

440 1692 594 1734 inscitia
612 1691 786 1732 mutavit
810 1691 854 1730 in
873 1706 980 1739 omne,
1010 1690 1119 1743 quod
1147 1690 1230 1743 ipse
1261 1692 1469 1732 Romanus
1497 1691 1634 1740 habet,
1659 1707 1802 1742 onmem,
1826 1709 1950 1742 omnes,
1973 1695 2088 1735 omni.

441 1760 488 1798 In
506 1758 602 1797 Ald.
622 1771 683 1811 pr.
705 1764 789 1797 erat
815 1771 940 1793 omnem
955 1772 969 1795 .·
1018 1755 1085 1794 sed
1100 1754 1186 1807 jam
1205 1755 1256 1794 ad
1289 1755 1438 1795 calcem
1473 1755 1607 1809 operis
1640 1755 1770 1798 Aldus
1797 1756 1907 1811 juffit
1926 1769 1947 1796 e
1967 1757 2106 1806 codd..

437 1822 568 1875 legere
588 1824 713 1868 omnia,
740 1820 849 1872 quod
865 1827 1072 1871 receptum
1091 1818 1134 1858 in
1154 1818 1280 1858 altera
1298 1819 1393 1859 edit.
1424 1819 1519 1859 Ald.
1542 1833 1565 1858 e
1584 1819 1786 1861 Prisciano
1804 1820 1983 1861 firmavit
2004 1821 2084 1860 Be-

439 1888 621 1927 nedictus
640 1889 681 1928 in
701 1886 765 1927 ed.
788 1888 903 1938 Junt.
1018 1896 1085 1934 34.
1117 1886 1331 1937 Pellegerent
1362 1899 1386 1924 a
1405 1884 1583 1938 Virgilio
1607 1883 1721 1925 fuiffe
1742 1894 1964 1934 exaratum,
1989 1898 2089 1926 con-

435 1953 566 1995 tendit
585 1950 800 1992 Terentius
814 1951 980 1988 Scaurus
999 1949 1046 1988 de
1068 1948 1383 2003 Orthographia.
1441 1951 1506 1989 Ne
1521 1962 1618 1989 vero
1626 1952 1816 2003 perlegeret
1832 1949 2086 1992 scribendum

433 2027 563 2072 putes,
588 2025 647 2065 ut,
675 2015 831 2054 Achate
849 2012 1066 2067 praemisso,
1091 2013 1197 2054 solus
1227 2015 1380 2054 AEneas
1411 2014 1461 2054 ad
1480 2013 1683 2067 templum
1712 2012 1919 2061 restiterit,
1942 2027 2096 2056 recor*

433 2083 628 2129 dandum,
656 2083 828 2119 AEneam
846 2077 1028 2130 pluribus
1046 2078 1259 2118 comitibus
1277 2077 1428 2117 exiisse.
1487 2079 1593 2117 Mox
1612 2091 1654 2119 V.
1688 2089 1744 2126 40
1778 2078 1861 2117 Nec·
1875 2080 1989 2130 sacra
2003 2097 2083 2120 mo..

433 2155 561 2187 rantur
582 2144 688 2198 Juffiz
702 2145 788 2183 viri.
904 2141 970 2191 36.
998 2143 1193 2195 Deiphoebe,
1216 2142 1390 2194 Deiphebe
1407 2141 1594 2182 aberrant
1611 2139 1781 2181 librarii.
1838 2143 1900 2182 At
1919 2142 1975 2182 est
1994 2142 2085 2186 Am*-

433 2210 537 2260 φέβη.
591 2209 787 2261 quaefatur
802 2209 968 2258 Menag.
990 2218 1068 2259 pn,
1094 2215 1229 2246 totum
1247 2205 1546 2246 hemistichium
1572 2204 1777 2246 nonnullis
1807 2204 1935 2247 deesse
1965 2216 2085 2252 notat

434 2274 582 2313 Cerda.
637 2274 756 2310 Forte
785 2270 992 2310 sustulerat
1025 2270 1182 2323 aliquis,
1207 2283 1306 2309 voce
1325 2273 1414 2325 regis
1434 2269 1620 2312 offensu&
1671 2269 1750 2311 Sed
1783 2267 1894 2311 idem
1923 2270 2083 2311 AEneas

429 2351 502 2380 rex
521 2337 596 2379 inf.
613 2348 637 2387 ,ς
642 2348 684 2387 5,
709 2336 794 2390 sup.
816 2337 848 2384 Ι,
873 2346 956 2385 544
969 2344 1008 2376 et
1028 2335 1081 2377 al.
1112 2335 1161 2376 cf.
1183 2337 1324 2375 Burm.

431 2500 483 2533 σ,
520 2493 604 2542 591
632 2475 750 2540 sqq„
794 2475 852 2523 ad
895 2475 1212 2524 celebrandam
1294 2474 1376 2524 alii
1388 2479 1540 2540 poetae
1557 2473 1820 2539 {impliciter
1831 2476 1890 2524 ad
1907 2473 2080 2525 Ariad-

430 2542 608 2590 scilicet
642 2538 824 2604 publica
861 2540 1087 2587 hilaritate
1110 2540 1212 2587 feli-

431 2623 530 2654 cem
552 2623 579 2653 e
600 2605 863 2667 labyrintho
883 2606 1057 2669 fugam.
1113 2605 1210 2652 vid.

431 2672 584 2719 Schol.
686 2670 826 2717 Unde
893 2670 1211 2718 adumbratum

429 2735 739 2801 anaglyphum
771 2734 971 2782 candido
1013 2750 1212 2782 marmo-

428 2817 497 2856 re,
530 2800 654 2864 quod
677 2799 960 2847 saltationem
984 2797 1212 2846 Ariadnes

1293 2605 1509 2671 ambages,
1543 2605 1684 2653 flexus
1719 2605 1804 2653 viae
1839 2617 1886 2652 et
1905 2618 2080 2653 errores

1294 2669 1591 2732 Labyrinthi.
1645 2668 1714 2717 cf.
1757 2669 1929 2718 Cerda.
1989 2671 2077 2718 hos

1290 2734 1478 2796 resolvit,
1511 2734 1663 2784 reditu
1684 2747 1729 2782 et
1749 2734 1919 2799 egreffu
1942 2750 2077 2783 mon-

1288 2799 1442 2848 strato.
1506 2820 1641 2857 caeca,
1669 2799 1813 2847 etiam
1833 2800 1882 2849 h.
1919 2799 1957 2847 l.
1987 2799 2098 2860 οδε,

1294 2556 1365 2588 11ae
1386 2540 1630 2588 sollertiam
1651 2541 1868 2590 referunt.
1931 2539 2016 2589 doli
2030 2550 2080 2588 et
2146 2544 2148 2546 ’

429 2864 695 2920 exhibebat,
728 2881 814 2929 pro
856 2863 1039 2912 Daedali
1078 2879 1213 2926 opere

429 2947 455 2978 a
495 2929 689 2977 Cnofliis
729 2930 992 2976 ostentatum
1020 2928 1211 2978 Pausan-

422 2993 522 3050 IX,
550 3011 633 3056 40,
654 3011 702 3059 p.
738 3010 831 3058 793
872 3005 1040 3041 narrat.
1106 2993 1212 3040 Ho-

428 3059 544 3108 meri
577 3060 729 3106 locum
761 3057 944 3122 respicit
982 3057 1212 3124 Virgilius

427 3125 478 3172 h.
503 3125 535 3172 1.
564 3133 610 3170 et
629 3123 726 3186 sup.
746 3122 813 3179 V,
858 3125 948 3188 588
984 3123 1112 3187 sqq-3
1163 3133 1210 3170 at

427 3189 554 3237 idem
590 3188 737 3235 noster
768 3203 864 3234 rem
893 3187 1104 3234 hactenus
1133 3203 1209 3234 va-

426 3253 581 3308 riavit,
615 3264 665 3300 ut
681 3268 801 3300 nunc
827 3251 1067 3300 Daedalum
1105 3267 1208 3299 nar-

428 3328 498 3366 ret
539 3317 589 3364 in
632 3324 809 3379 reginae,
865 3318 986 3380 regis
1029 3315 1209 3364 Minois

426 3382 551 3436 filiae,
585 3381 820 3438 Ariadnae,
854 3381 1052 3445 gratiam
1075 3381 1206 3429 The-

425 3446 502 3494 seo
537 3446 622 3492 iter
658 3461 739 3508 per
767 3444 1102 3509 Labyrinthum
1123 3445 1204 3494 filo

428 3509 744 3570 monstraviffe,
790 3511 916 3577 quod
961 3510 1202 3568 inventum

1289 2862 1439 2920 scura,
1473 2864 1708 2930 ambigua,
1740 2864 1972 2921 δυσνόητας
2007 2879 2075 2912 re·

1289 2928 1363 2992 git
1412 2929 1492 2980 ille
1539 2929 1742 2994 glomere
1790 2930 1878 2976 iter
1921 2929 2075 2978 incer-

1292 3007 1407 3040 tum.
1497 2992 1722 3043 Versuum
1758 3009 1960 3057 30-33
2010 2993 2074 3043 de
2109 3053 2123 3059 ἦ

1289 3057 1422 3106 Icaro
1443 3056 1708 3107 suavitatem
1748 3069 1795 3106 et
1818 3057 1917 3115 vim
1934 3056 2072 3107 facile

1285 3122 1423 3170 sentis
1473 3139 1554 3186 ex*
1580 3123 1742 3172 affetstu
1789 3134 1837 3171 et
1867 3139 1925 3170 ex
1956 3137 2071 3186 apo·

1287 3187 1465 3251 strophe
1507 3187 1567 3235 ad
1601 3189 1781 3237 Icarum
1820 3184 2069 3252 proficisci·

1287 3251 1443 3300 Verba
1460 3252 1692 3301 Ausonius
1708 3250 1912 3300 imitatus
1931 3252 1995 3300 est
2011 3249 2067 3299 in

1285 3316 1483 3366 Mosella
1498 3333 1548 3365 v.
1585 3334 1684 3381 300
1700 3316 1771 3381 sq.
1834 3318 1957 3382 Qin
1985 3314 2066 3365 καὶ

1282 3384 1363 3442 μῆν
1397 3381 1489 3439 καῖ,
1526 3393 1573 3430 et
1607 3401 1712 3431 vero
1733 3385 1847 3445 sane
1889 3380 2064 3446 reliqua

1284 3462 1470 3512 quoque
1534 3446 1662 3511 figna
1726 3445 2083 3512 perlustraffent0'·

1283 3511 1394 3567 Mos
1435 3527 1480 3569 v·
1519 3513 1601 3580 38.
1630 3529 1764 3581 grege
1804 3514 1858 3567 de
1886 3514 2066 3565 maevi
