2372 4030
633 252 1126 316 AENEIDos
1199 259 1384 319 ΜΒ.
1449 261 1498 322 1.
1809 272 1883 344 89

159 464 166 470 .
241 414 426 503 Qod
451 442 638 503 genus
669 423 782 483 hoc
814 416 1151 497 hominum,
1178 446 1385 506 quaeve
1411 428 1567 489 hunc
1598 444 1720 491 tam
1738 432 1882 494 bar-

487 537 628 613 bara
656 557 886 598 morem

239 648 545 711 Permittit
569 649 799 728 patria?
828 649 1085 730 hospitio
1110 652 1500 732 prohibemur
1518 674 1729 717 arenae.
1763 678 1883 739 540

238 760 401 821 Bella
419 759 600 831 cient,
626 759 940 839 primaque
959 776 1155 821 vetant
1184 763 1489 822 confistere
1521 778 1692 827 terra.

236 877 301 937 Si
326 896 511 957 genus
534 875 861 935 humanum
892 890 951 935 et
974 878 1246 937 mortalia
1273 880 1540 938 temnitis
1569 901 1730 943 arma
1755 908 1771 946 z

234 991 323 1053 At
350 990 576 1070 sperate
601 989 742 1048 deos
772 1009 1065 1049 memores
1090 990 1253 1050 fandi
1282 1006 1457 1071 atque
1486 992 1743 1055 nefandi.

235 1104 367 1167 Rex
394 1121 516 1165 erat
542 1104 757 1164 AEneas
786 1105 977 1178 nobiS,
1006 1126 1124 1185 quo
1141 1105 1355 1187 justior
1376 1108 1538 1179 alter,

283 1307 381 1350 539.
410 1300 512 1341 Nam
538 1314 581 1353 g.
601 1298 728 1338 Goth.
761 1298 836 1339 sec.
868 1301 969 1356 Qae
982 1315 1093 1354 genus
1122 1303 1201 1341 haec
1233 1305 1271 1342 h.
1299 1302 1445 1355 fragm.
1487 1306 1639 1343 Moret.
1696 1304 1807 1361 Qod
1837 1318 1877 1355 g.

231 1358 278 1416 ost
303 1361 342 1400 h.
370 1362 539 1415 Menag.
568 1375 629 1415 pr.
684 1378 770 1420 qua>
808 1366 899 1404 hunc
918 1373 998 1404 tres
1018 1378 1078 1416 ap.
1115 1366 1249 1405 Heins.
1307 1381 1438 1421 quaeve
1468 1378 1540 1406 tam
1573 1368 1688 1407 Leid.
1746 1368 1880 1406 Potest

230 1423 488 1478 interpungi:
519 1427 631 1482 Qod
643 1443 752 1481 genus
772 1430 832 1468 hoc
862 1430 1064 1467 hominum?
1094 1429 1143 1467 sc.
1167 1430 1234 1469 est.
1296 1432 1371 1469 Sed
1401 1444 1482 1468 non
1512 1430 1586 1471 hoc
1606 1432 1729 1483 quaeri
1760 1442 1875 1485 pote-

229 1498 320 1536 ταῖς
347 1502 515 1528 verum:
547 1489 616 1541 qui
650 1490 846 1537 homines,
882 1507 965 1545 quae
979 1494 1118 1545 patria,
1157 1506 1247 1544 quae
1274 1503 1357 1532 tam
1390 1494 1571 1542 barbara,
1598 1495 1651 1534 est
1683 1498 1760 1536 haec
1780 1489 1901 1536 terra'

227 1552 363 1606 vestra,
392 1560 438 1591 ut
457 1552 666 1604 permittat
686 1551 790 1591 hunc
808 1567 965 1592 morem
981 1553 995 1592 ?

1104 1566 1199 1603 540.
1220 1559 1380 1609 patriam
1410 1570 1470 1608 pr.
1503 1558 1657 1597 Moret.
1677 1573 1699 1596 a
1723 1573 1777 1597 m.
1802 1560 1876 1618 seq

228 1615 417 1672 bocspatio
443 1616 604 1667 Menag.
636 1627 694 1666 pr.
718 1615 821 1654 miro
841 1616 1146 1664 casu.——-541.
1173 1620 1338 1670 confidere
1362 1621 1528 1659 Oudart.
1548 1621 1711 1659 sollenni
1742 1624 1875 1668 varie„

215 1686 401 1797 Zitzque
418 1741 565 1795 nefandi
578 1739 757 1793 quinque
773 1754 835 1794 ap.
848 1740 984 1781 Heius.

227 1913 381 1951 autem
404 1902 621 1967 agebatur
642 1914 755 1950 tum.
777 1919 821 1950 v.
852 1903 938 1950 inf.
962 1919 1007 1950 v.

229 1969 313 2015 ult.
378 1975 423 2015 in
438 1969 563 2015 vada
582 1988 694 2015 caeca
707 1966 803 2015 vid.
829 1984 872 2015 V.
900 1977 1007 2015 110.

148 2084 151 2089 ,
214 2033 455 2099 procacibus
475 2033 655 2096 Azstris‚
688 2042 842 2078 ornate
857 2051 869 2089 3
905 2047 1010 2078 ven-

224 2109 378 2146 torum
443 2096 792 2161 procellosorum
851 2096 917 2151 vi,
982 2112 1010 2142 a

224 2162 481 2227 tempestate
520 2161 680 2216 vieios,
724 2159 887 2223 partim
929 2175 1009 2222 per

223 2227 386 2283 altum,
433 2226 594 2291 partim
640 2225 758 2271 inter
802 2223 1008 2288 scopulos

222 2291 402 2356 penitus
435 2307 517 2337 nos
564 2288 763 2352 disjecit.
820 2303 1009 2351 procaces

219 2361 368 2422 castri,
405 2354 526 2402 venti
559 2355 866 2402 vehementes:
903 2353 1006 2400 Ηο,

222 2421 558 2484 ratioprotenvi,
578 2419 666 2467 Gr.
680 2422 887 2478 ἀσελγεῖς.
908 2418 1004 2466 vid.

223 2485 392 2533 Cerda.
459 2489 688 2548 superante
713 2483 830 2547 salo,
884 2482 1005 2530 V'ifta

222 2568 251 2600 a
271 2549 407 2597 maris
442 2565 494 2596 ac
537 2548 833 2613 procellarum
854 2545 902 2595 vi
924 2565 1004 2594 na-

222 2613 478 2679 vigantium
500 2626 594 2661 arte
625 2626 670 2660 et
687 2613 858 2661 labore.
929 2611 1000 2659 Ita

218 2679 318 2742 sup.
340 2682 448 2729 vicit
465 2678 612 2734 hiems,
633 2689 678 2725 et
699 2677 786 2727 inf.
817 2676 883 2731 II,
909 2693 961 2738 31
977 2693 995 2724 1

223 2742 406 2792 Vulcano
420 2746 664 2807 ficperante.
729 2742 1003 2798 adnavimus,

220 2807 495 2874 appulimus,
513 2819 564 2854 ut
583 2812 730 2870 poetae
745 2806 906 2854 solent.

290 2889 398 2941 539.
456 2870 662 2926 Fu'rium,
718 2869 807 2917 five
846 2869 885 2916 is
925 2869 1001 2917 M.

223 2935 386 2984 Furius
436 2936 599 2983 Antias
635 2934 710 2982 seu
761 2933 1001 2981 Bibaculus

220 2999 444 3054 fuit‚·VI.
474 3000 644 3048 Annal.
680 2997 895 3063 praeiviss'e
918 3015 1000 3062 po-

218 3073 308 3122 etae
328 3063 541 3113 Macrob.
564 3063 654 3120 VI,
685 3080 728 3120 1,
746 3061 969 3110 existimat
985 3074 1011 3113 ε’

216 3131 348 3196 Qod
368 3147 500 3194 genus
535 3128 608 3177 hoc
626 3128 831 3177 hominum
848 3131 875 3174 ἒ
917 3128 1000 3174 Sa·

215 3211 358 3252 turno,
372 3199 551 3306 ¹sarteq&
587 3204 736 3241 create.
817 3191 902 3238 Sed
943 3207 1000 3240 ex

214 3260 288 3311 his
307 3270 354 3307 et
387 3256 591 3306 imilibus
621 3257 757 3321 poeta
784 3255 861 3304 vix
883 3257 1000 3304 mul-

131 3338 134 3339 ’
213 3336 317 3376 tum
350 3320 762 3396 proficere-potuit:
799 3316 881 3368 nee
921 3337 1000 3367 nos

213 3405 274 3440 ex
294 3388 454 3436 talium
475 3384 827 3451 comparatione.
900 3385 998 3431 An-

215 3450 422 3526 tiquitati
465 3462 617 3506 tamen
659 3448 848 3506 debetur
887 3448 1009 3522 hoc„

438 1687 534 1725 542.
564 1687 595 1715 et
616 1676 719 1715 deest
739 1676 780 1715 in
801 1677 1015 1726 nonnullis,
1052 1678 1173 1718 etiam
1206 1681 1413 1721 Pierianis.

1519 1694 1614 1732 543.
1646 1685 1729 1725 deas
1761 1686 1865 1726 Voss

1098 1918 1154 1949 ne
1189 1904 1282 1965 ejus
1301 1904 1606 1956 aneioritatem
1629 1906 1677 1955 in
1696 1908 1765 1955 his
1797 1908 1875 1955 ne‘

1096 1968 1337 2031 gligamus,

1163 2049 1271 2096 540.
1359 2036 1538 2097 Hespitio
1587 2049 1636 2098 p.
1712 2055 1872 2091 arenae,

1095 2109 1269 2150 ornate,
1292 2115 1392 2159 pro,
1416 2115 1440 2143 a
1459 2099 1610 2145 littore
1631 2118 1697 2163 p.,
1721 2101 1778 2146 ab
1806 2101 1872 2147 es-

1095 2161 1228 2208 censu
1263 2161 1311 2207 in
1350 2162 1510 2220 littus;
1554 2181 1662 2210 mox
1692 2173 1874 2228 primam

1093 2238 1250 2272 terram
1270 2226 1407 2273 dixit.

1162 2307 1270 2352 542·
1332 2289 1537 2353 Agnosce
1564 2291 1738 2353 poetici
1782 2291 1871 2338 ser-

1093 2354 1241 2400 monis
1262 2354 1489 2412 indolem;
1523 2372 1604 2418 pro
1628 2355 1867 2402 abstrafio:

1093 2415 1125 2463 fi
1190 2419 1506 2475 humanitaletm
1582 2420 1873 2468 humanitatis

1090 2481 1192 2543 jura
1212 2497 1255 2530 et
1279 2483 1450 2539 officia,
1473 2498 1517 2531 et
1539 2483 1780 2530 vindieiam
1800 2485 1869 2531 in-

1084 2546 1237 2608 juriae‚
1260 2563 1395 2611 quam
1415 2549 1609 2595 humana
1631 2549 1695 2594 ira
1718 2549 1871 2611 exige-

1090 2625 1138 2656 re
1159 2628 1187 2658 a
1219 2612 1347 2659 vobis
1381 2614 1534 2675 potest,
1586 2614 1703 2676 (haec
1727 2613 1866 2671 ,enim

1088 2674 1190 2726 sunt
1208 2676 1399 2724 mortalia
1431 2682 1584 2735 arma)
1604 2693 1685 2741 pro
1719 2677 1864 2724 nihilo

1087 2739 1283 2787 ducitis:
1317 2740 1469 2787 saltem
1501 2741 1617 2788 illud
1648 2753 1865 2804 reputate,

1087 2802 1196 2851 deos
1215 2805 1296 2855 efle
1309 2803 1415 2865 justi
1435 2804 1672 2867 injustique
1689 2804 1862 2868 inspec-

1087 2880 1204 2915 tores
1236 2867 1498 2931 injuriaeque
1530 2869 1642 2915 adeo
1673 2869 1861 2925 ultores,

1086 2931 1244 2981 5⁵:311&
1276 2932 1516 2984 ὖποδέισοιτε
1557 2941 1668 2991 μῆνιν
1701 2932 1860 2994 Odyss.

1085 3000 1135 3051 β,
1160 2998 1239 3047 66.
1304 2997 1358 3044 In
1383 3002 1555 3061 sperate
1590 2997 1698 3046 inest
1732 2997 1861 3043 notio

1087 3067 1144 3109 τὲ
1182 3075 1369 3116 metuere,
1406 3062 1529 3123 quod
1563 3061 1766 3122 frequens
1801 3060 1861 3107 est

1089 3126 1262 3174 Graecis
1285 3124 1541 3187 Latinisque
1561 3124 1722 3188 poetis.

1151 3207 1258 3255 544.
1293 3189 1456 3254 Jtfiior
1456 3197 1627 3251 pietate,
1650 3200 1700 3234 ut
1721 3187 1860 3252 vulgo

1079 3255 1212 3320 Jungi
1233 3255 1385 3308 video,
1422 3251 1536 3303 mihi
1551 3253 1734 3317 quidem
1773 3252 1858 3298 du-

1086 3319 1298 3367 riffimum
1378 3315 1569 3365 videtur.
1679 3315 1857 3363 Praestat

1084 3383 1396 3446 interpungere
1415 3398 1426 3426 :
1452 3379 1561 3441 Quo
1567 3379 1855 3445 justioralter.

1083 3449 1171 3497 Nec
1197 3460 1250 3512 p.
1272 3446 1320 3499 h.
1355 3461 1398 3494 e.
1462 3443 1573 3510 Qo
1623 3460 1706 3518 nee
1733 3443 1859 3554 1gltez·

1679 3524 1732 3572 ju
1785 3520 1856 3561 or,
