2294 4030
667 292 1537 359 ‘ADLIRRUMNL
1786 306 1935 382 κως)

232 484 234 486 -
274 455 604 514 ambuicex
625 447 817 507 adver&
834 458 992 515 fluens,
1016 460 1209 524 Cocytus,
1227 460 1310 524 qui
1329 461 1532 525 primum
1550 460 1600 510 in
1623 462 1931 530 Stygiampua,
2003 509 2008 516 ,

278 531 433 582 ladem
454 530 690 594 ingreffius,
712 547 840 588 mox,
877 532 954 585 mhi
978 536 1071 595 post
1087 525 1261 582 ⁴multos
1282 533 1425 582 flexus
1443 536 1502 583 ad
1524 537 1819 586 Acherusiam
1839 555 1922 604 pa-

278 603 432 657 ludem
457 605 675 668 perveni-t,
705 605 820 652 hanc
842 618 888 653 et
910 607 1000 670 ipse
1023 606 1166 654 ambit
1186 622 1229 654 et
1251 607 1300 655 in
1322 610 1565 658 Tartarum
1587 610 1630 658 se
1652 611 1920 677 praecipitat,

277 677 595 746 IrwnAcherqfia
611 678 757 742 palus,
794 695 930 742 quam
969 681 1180 734 Acheron
1201 681 1329 739 facit,
1363 683 1410 729 in
1434 684 1584 731 medio
1601 686 1680 741 est,
1711 685 1764 734 in
1782 703 1923 750 quam

276 750 414 816 impii
430 753 709 809 deferuntur,
740 754 859 808 etsi<¹
878 770 1032 818 porro.
1097 755 1439 813 Commentum,
1463 775 1490 805 a
1523 760 1708 807 Socrate
1739 762 1918 826 expost-

276 837 398 883 tum,
429 826 487 874 ab
507 826 841 892 antiquioribus
863 828 982 874 haud
1001 827 1141 874 dubie
1162 843 1394 893 acceptum
1411 844 1536 890 erat;
1575 849 1678 880 nam
1700 834 1751 882 in
1775 835 1922 884 initiis

279 900 423 951 fimile
443 904 614 967 dogma
631 902 703 950 seu
723 901 904 965 mythus
921 902 1229 965 frequentatus
1245 906 1326 951 effe
1351 906 1525 954 debuit.
1594 906 1775 974 Nempe
1795 910 1923 974 quod

277 982 455 1034 eorum,
475 976 556 1040 qui
578 978 750 1026 initiati
774 993 863 1024 non
878 977 1029 1030 effent,
1054 977 1216 1024 animae
1237 983 1271 1026 ἐν
1293 983 1473 1044 βοξβόςῳ
1496 985 1654 1031 κεῖσθαι
1677 985 1796 1049 apud
1821 985 1922 1032 Pla„

278 1060 503 1099 tonemet
523 1052 634 1100 alios
650 1053 731 1113 (cf.
758 1053 945 1122 Menag.
967 1052 1026 1098 ad
1045 1051 1188 1118 Diog.
1210 1053 1361 1101 Laert.
1387 1056 1475 1111 VI,
1494 1062 1576 1123 39)
1605 1058 1838 1116 dicuntur,
1860 1061 1922 1108 ad

277 1120 396 1178 hanc
430 1125 571 1190 ipsam
605 1126 836 1195 paludem,
875 1125 952 1172 cui
993 1124 1199 1174 innatant
1232 1129 1412 1182 animae,
1450 1142 1546 1177 erat
1577 1130 1859 1181 referendum
1893 1151 1923 1186 a

278 1197 538 1248 Moihemio
576 1201 635 1248 ad
677 1199 947 1253 Cudworth.
976 1216 1021 1261 p.
1067 1217 1207 1264 1049.
1274 1202 1345 1248 Ex
1370 1202 1611 1258 Platonicis
1643 1218 1793 1254 autem
1825 1208 1921 1256 istis

278 1271 519 1328 fluminum
538 1276 814 1323 anfracfibus
838 1290 992 1321 natum
1024 1274 1221 1329 videtur,
1253 1291 1303 1322 ut
1325 1277 1422 1323 loca
1446 1278 1607 1333 infera,
1643 1279 1692 1325 in
1715 1283 1843 1344 regni
1874 1293 1924 1334 et

278 1348 529 1415 provinciae
561 1349 751 1398 formam
790 1351 983 1403 redacta,
1020 1348 1170 1396 fluviis
1204 1349 1374 1396 ambita
1395 1363 1440 1396 et
1461 1351 1632 1398 inclusa
1651 1354 1733 1399 effe
1757 1356 1924 1402 vellent

278 1427 425 1488 poetae
452 1423 655 1486 pluribus
667 1444 682 1482 3
717 1423 794 1471 etfi
836 1421 1066 1471 Homerus
1100 1422 1150 1469 id
1172 1439 1261 1469 non
1283 1423 1434 1470 habet.
1501 1426 1554 1471 In
1587 1427 1729 1474 altero
1763 1428 1924 1478 Socra,

277 1493 374 1543 tico
389 1494 594 1560 dialogo,
619 1496 852 1551 Axiocho,
875 1496 954 1558 qui
975 1496 1186 1550 AEschini
1209 1495 1350 1542 tribui
1371 1496 1499 1554 solet,
1541 1499 1621 1547 sub
1644 1500 1677 1548 f.
1716 1502 1923 1550 Plutonis

276 1585 469 1633 regnum
490 1572 676 1619 adeunti
695 1571 846 1636 primo
865 1572 968 1617 loco
984 1570 1200 1632 objicitur
1214 1570 1375 1617 fluvius
1394 1572 1598 1629 Acheron,
1622 1587 1717 1620 turn
1732 1575 1923 1639 Coqytus,

279 1643 445 1709 quibus
468 1646 662 1709 trajectis
686 1647 744 1694 ad
766 1646 981 1693 Minoem
1005 1657 1048 1691 et
1074 1645 1469 1698 Rhadamanthum
1488 1646 1558 1693 via
1581 1647 1726 1694 ducit.

343 1719 424 1766 Ad
454 1720 542 1768 hoc
580 1721 732 1785 itaque
753 1734 829 1768 aut
851 1720 992 1767 simile
1024 1722 1280 1784 exemplum
1313 1726 1470 1784 poeta,
1504 1722 1579 1768 etsr
1603 1723 1712 1769 alias
1733 1722 1920 1770 nomina

279 1790 338 1841 ab
371 1808 427 1840 eo
457 1806 624 1842 temere
660 1795 772 1859 poni
809 1811 898 1842 non
923 1810 1100 1858 negem,
1124 1794 1207 1841 hac
1230 1808 1377 1842 tamen
1399 1795 1446 1841 in
1470 1797 1740 1850 narratione,
1759 1797 1806 1843 in
1829 1814 1923 1863 qua

276 1865 624 1932 descriptionem
663 1871 869 1917 locorum
908 1868 1022 1925 edit,
1047 1868 1193 1932 primo
1233 1869 1336 1916 loco
1359 1870 1534 1917 videtur
1556 1873 1821 1919 Acherontem
1839 1888 1923 1935 po-

278 1957 384 1990 nere
419 1944 699 2000 adeundum,
721 1942 999 1991 vorticosum
1032 1943 1241 2000 fluvium,
1274 1946 1351 2006 qui
1384 1961 1440 1992 ex
1464 1944 1557 1993 imo
1579 1946 1725 1993 fundo
1747 1958 1921 1994 erutam

277 2015 380 2063 aestu
403 2017 482 2064 suo
501 2038 676 2066 arenam
689 2039 842 2066 omnem
866 2018 1011 2083 Coqyto
1024 2025 1205 2072 erudiat,
1228 2019 1363 2065 itaut
1387 2018 1435 2064 in
1457 2018 1691 2079 Cocytum
1711 2031 1920 2082 egeratur

275 2088 375 2146 illa,
397 2092 626 2140 Acheronte
644 2100 688 2138 in
709 2094 902 2155 Cocytum
904 2085 956 2153 st
976 2103 1261 2138 exonerante.
1327 2091 1479 2138 Verba
1499 2091 1692 2155 Virgilii
1714 2091 1922 2143 imitatur

278 2161 417 2216 Silius
442 2165 588 2222 XIII,
627 2185 736 2232 57¹·
775 2184 865 2232 572
904 2163 1080 2229 Trgstioi
1112 2165 1175 2212 his
1209 2166 1398 2213 Acheron
1404 2169 1529 2228 sanie
1550 2172 1742 2231 negroque
1760 2186 1918 2217 veneno

276 2239 463 2303 AEstuat
481 2255 523 2287 et
536 2241 724 2306 gelidam
743 2248 936 2289 emeram
955 2260 1045 2288 cum
1063 2259 1269 2288 murmure
1291 2261 1463 2287 arenam
1489 2240 1703 2304 Descendit
1722 2260 1735 2297 ;
1768 2240 1842 2287 sed
1864 2240 1917 2288 in

275 2314 449 2362 summa
466 2317 528 2361 rei
552 2333 578 2361 a
597 2314 801 2380 Virgilio
818 2314 1063 2361 discedens.
1130 2315 1262 2361 Alter
1284 2314 1430 2378 igitur
1447 2313 1609 2361 fluvius
1644 2315 1815 2379 Coqytus
1833 2315 1914 2371 est,

275 2387 359 2459 qui
379 2399 425 2434 et
451 2388 545 2452 ipse
565 2389 708 2436 ambit
731 2405 867 2451 regna
884 2387 1028 2435 infera
1045 2408 1058 2445 3
1083 2388 1201 2434 unde
1218 2388 1312 2451 sup.
1348 2404 1433 2448 132
1459 2389 1515 2434 de
1535 2387 1663 2434 aditu
1686 2390 1743 2434 ad
1767 2389 1914 2438 infera

275 2462 376 2514 loca
396 2478 408 2509 :
431 2477 570 2512 tenent
600 2468 736 2513 media
759 2464 895 2528 (inter
913 2463 994 2510 illa
1013 2476 1057 2510 et
1080 2464 1157 2509 has
1174 2462 1346 2525 superas
1368 2466 1484 2523 oras)
1508 2471 1642 2510 omnia
1642 2462 1802 2525 silvae,
1825 2464 1915 2511 Co-

274 2545 456 2604 eyttfsque
470 2543 576 2604 stnu
608 2541 752 2588 labens
780 2545 1050 2587 circumvenit
1084 2553 1204 2594 πίνος
1243 2537 1375 2584 tertia
1407 2550 1452 2584 et
1483 2535 1673 2586 interior
1704 2538 1811 2599 Styx
1830 2539 1912 2597 est,

275 2613 409 2666 tarda·
425 2626 471 2660 et
501 2614 657 2679 paludi
677 2612 856 2670 fimilis;
881 2611 1001 2658 unde
1033 2611 1182 2674 paffim
1207 2611 1351 2674 palus,
1379 2611 1506 2658 lacus.
1541 2609 1648 2656 vide
1671 2610 1762 2667 VI,
1802 2628 1911 2676 134.

279 2686 394 2755 369,
431 2687 542 2735 item
577 2689 699 2752 4163
735 2685 814 2734 etfi
848 2702 1001 2733 omnes
1023 2684 1097 2731 illi.
1116 2700 1284 2740 amnes,
1319 2695 1532 2747 quatenus
1555 2684 1719 2730 multos
1740 2700 1910 2734 errores

275 2757 472 2817 faciunt,
504 2775 551 2811 et
586 2762 634 2810 in
654 2762 809 2809 orbem
837 2777 975 2823 regna
997 2759 1142 2806 infera
1163 2759 1500 2813 circumfluunt,
1533 2756 1671 2804 etiam
1699 2757 1911 2807 haetenus

275 2822 431 2898 stagna
451 2846 498 2884 et
518 2837 639 2884 lacus
660 2835 808 2884 facere
828 2833 975 2882 videri
988 2833 1180 2897 poss‘unt.
1247 2833 1361 2895 Styx
1384 2845 1530 2879 autem
1550 2838 1688 2878 novies
1704 2832 1750 2878 h.
1774 2847 1815 2879 e.
1834 2831 1910 2879 sae-

275 2906 378 2981 pius
398 2911 536 2959 flexus
556 2913 656 2960 suos'
676 2915 871 2976 repetere
891 2909 1066 2975 dicitur
1091 2908 1178 2964 VI,
1200 2910 1312 2972 438.
1336 2924 1448 2971 439.
1483 2906 1657 2969 Georg.
1680 2906 1774 2964 IV,
1810 2912 1906 2975 478

274 2977 457 3047 φ’ὲ48ὸ,
476 2987 556 3034 ubi
576 2987 781 3050 Cocytus
795 3003 900 3034 cum
921 2984 1060 3048 Styge
1080 2995 1367 3032 memoratur.

339 3060 517 3114 Ternos
536 3061 616 3110 hos
635 3061 876 3111 fluviorum
900 3059 1119 3107 anfractus
1138 3059 1322 3121 trajectu
1343 3073 1473 3120 opuS,
1505 3066 1743 3119 antequam
1765 3057 1823 3103 ad
1836 3056 1908 3104 ul-

273 3129 441 3201 t‘er'iora
461 3137 716 3202 pervenias3
736 3136 834 3192 etsi,
856 3133 935 3182 ubi
952 3134 1009 3181 de
1022 3132 1267 3180 Charontis
1282 3123 1602 3177 transvectione
1621 3129 1791 3194 agitur,
1811 3144 1913 3181 non·

273 3211 411 3260 facile
421 3213 577 3276 po’e'tae
594 3212 653 3260 de
679 3209 853 3274 triplici
867 3208 991 3256 amni
1013 3221 1150 3254 terras
1171 3204 1336 3252 inferas
1358 3203 1582 3251 ambiente
1602 3201 1827 3267 cogitant,
1859 3211 1908 3251 et

273 3287 436 3336 melius
456 3299 596 3335 unum
629 3286 806 3334 tanturn
826 3281 1014 3331 fluvium
1036 3279 1270 3329 nominant
1290 3295 1303 3326 :
1333 3277 1596 3342 plerumque
1618 3279 1806 3342 Stygem
1827 3288 1916 3327 aut‘

274 3361 600 3410 Acherontem.
666 3358 771 3408 Nec
806 3356 937 3405 aliter
953 3354 1048 3420 ipse
1077 3352 1216 3401 Maro
1238 3351 1330 3409 VI,
1369 3366 1453 3417 107
1491 3362 1538 3399 et
1559 3351 1617 3400 al.
1643 3368 1752 3417 374.
1789 3367 1903 3416 391.

270 3419 353 3498 εἰς
367 3433 413 3491 et
433 3433 548 3497 unus
568 3434 619 3484 in
633 3430 880 3511 Polygnoti
898 3430 1051 3489 tabula
1064 3429 1279 3488 Acheron
1299 3444 1372 3505 ap.
1390 3425 1575 3484 Pausan,
1599 3425 1669 3486 X,
1688 3430 1764 3478 28.
1783 3425 1910 3476 Vec-
