2372 4030
574 237 584 290 ‘³'
616 268 1132 354 JENtE-IDOS,
1178 240 1370 345 Lm.
1451 236 1507 354 1}
1802 286 1870 377 3²

219 726 502 851 ARMA,
523 761 838 849 virumque
862 769 1250 854 can0‚Trojae
1268 774 1371 853 qui
1394 773 1620 853 primus
1647 770 1721 833 ab
1748 771 1863 834 oris

216 880 481 955 Italiam,
524 880 649 942 fato
674 881 987 967 profuguS,
1031 884 1281 944 Lavinia
1308 887 1473 946 venit

219 1039 262 1068 v»
282 1028 425 1070 Burm.
445 1029 498 1070 ad
519 1028 560 1070 h.
581 1029 611 1070 l.
665 1030 804 1071 Burm.
826 1033 913 1071 Sec.
934 1032 977 1072 in
997 1033 1116 1073 Misc.
1139 1032 1248 1073 Obff.
1269 1033 1364 1073 Vol.
1385 1035 1444 1072 VI
1462 1034 1516 1073 T.
1535 1035 1589 1073 111
1608 1046 1648 1087 p.
1666 1043 1745 1083 523
1765 1042 1804 1073 et
1822 1033 1866 1076 in

218 1093 666 1149 praeanirgilspartim
683 1096 794 1148 quod
810 1096 860 1136 ab
879 1098 1044 1149 optimis
1063 1098 1178 1138 codd.
1199 1098 1399 1150 imprimis
1413 1099 1569 1138 Medic.
1588 1108 1643 1146 et,
1671 1108 1866 1151 quantum

220 1157 418 1199 aestimare
435 1158 545 1208 licet,
569 1173 594 1200 a.
618 1161 806 1200 Romano
838 1161 980 1201 absunt
1008 1162 1079 1215 (cf.
1101 1163 1238 1202 Heins.
1269 1162 1317 1201 it.
1347 1161 1519 1201 Miscell.
1551 1161 1658 1201 obff.
1676 1162 1773 1202 Vol.
1793 1165 1868 1202 VI.

220 1235 264 1277 p.
283 1234 384 1274 523.
411 1237 446 1264 ev
464 1223 608 1264 nostris
624 1237 707 1265 non
726 1225 847 1266 habet
867 1226 993 1266 Goth.
1011 1227 1120 1281 tert.)
1136 1242 1148 1274 ς
1175 1225 1324 1279 partim
1356 1225 1467 1278 quod
1484 1224 1533 1264 ab
1562 1225 1708 1265 Ovidio
1725 1235 1765 1265 ct
1784 1226 1872 1266 aliis

221 1287 366 1328 AEneis
382 1301 407 1328 a
424 1288 581 1328 verbis:
611 1291 732 1328 Arma
750 1294 945 1343 virumque,
970 1299 1163 1343 tanquam
1182 1289 1379 1343 principio
1409 1288 1594 1328 carminis
1625 1288 1874 1342 defignatur3

221 1352 333 1406 quod
349 1360 484 1394 tamen
503 1363 791 1407 argumentum
808 1355 944 1408 paullo
962 1355 1089 1395 levius
1108 1355 1188 1403 est3
1216 1363 1402 1407 poterant
1435 1353 1544 1393 enim
1567 1353 1688 1393 verba
1705 1354 1873 1404 laudari,

221 1429 314 1470 quae
336 1417 648 1457 commodiffime
667 1418 710 1458 in
727 1432 832 1467 eam,
859 1432 981 1472 quam
999 1418 1203 1466 volebant,
1228 1416 1465 1457 sententiam
1483 1416 1687 1456 transferri
1705 1417 1874 1469 possent,

220 1489 268 1520 ut
287 1480 330 1520 in
347 1481 418 1527 illo
435 1493 447 1521 =
483 1481 677 1537 Transtulit
695 1486 731 1521 in
756 1482 883 1536 ‘Tyrios
902 1499 1006 1522 arma
1024 1486 1204 1533 virumque
1230 1490 1318 1519 toros
1335 1496 1346 1528 3
1374 1493 1465 1519 cum
1492 1471 1560 1519 'Ille
1577 1496 1632 1533 ego
1649 1480 1872 1520 incommo-

221 1544 322 1584 dum
353 1544 462 1585 effet.
516 1547 682 1586 Poterat
712 1547 836 1587 etiam
864 1547 1000 1587 omissa
1027 1545 1263 1599 praefatione
1281 1543 1400 1596 ipfius
1426 1543 1675 1583 vastationis
1705 1545 1869 1586 initium.

220 1607 390 1649 laudari.
443 1611 558 1659 Sunt,
574 1611 717 1664 quibus
734 1611 868 1652 versus
885 1611 1050 1664 Virgilii
1065 1610 1227 1663 ingenio
1246 1608 1403 1662 indigni
1423 1608 1498 1648 effe
1514 1608 1713 1648 videntur.
1769 1611 1875 1651 Om-

221 1674 340 1714 nibus
356 1682 492 1714 tamen
511 1676 760 1728 argumentis
776 1676 939 1730 gravius
965 1675 1019 1715 est
1038 1676 1129 1723 hoc,
1154 1677 1242 1727 quod
1263 1676 1391 1713 rationi
1407 1675 1490 1725 epici
1507 1676 1668 1712 carminis
1685 1676 1873 1726 adversim·-

220 1745 295 1788 ίαν,
322 1738 432 1792 cujus
450 1729 632 1792 majestas
648 1754 730 1780 non
762 1741 899 1789 modo,
923 1740 990 1780 sed
1023 1749 1062 1779 et
1081 1738 1247 1792 ingenii,
1274 1737 1382 1790 quod
1399 1738 1518 1789 po'eta
1536 1748 1672 1775 rerum
1703 1751 1870 1777 narran-

221 1802 366 1843 darum
385 1804 665 1856 magnitudine
692 1815 945 1858 occupatum,
975 1817 1190 1856 earumque
1220 1802 1327 1842 mole
1356 1801 1551 1849 laborans,
1577 1800 1722 1841 habere
1741 1802 1875 1850 debet,

223 1867 413 1920 impetus,
438 1877 558 1920 atque
578 1868 701 1908 etiam
720 1869 882 1909 leetoris
899 1869 1088 1917 studium,
1116 1876 1283 1907 avocato
1299 1867 1349 1905 ad
1366 1868 1496 1918 poetae
1515 1864 1619 1903 lusus
1633 1865 1780 1912 animo,
1806 1866 1875 1904 in-

221 1927 442 1982 fringitur:
473 1931 603 1971 multo
622 1941 758 1972 autem
777 1933 899 1986 pejus'
921 1933 968 1972 idr
991 1931 1105 1971 fieret
1137 1930 1178 1969 in
1207 1929 1289 1984 ipso
1310 1927 1496 1966 carminis
1513 1927 1690 1966 exordio.
1749 1928 1876 1982 Qod.

223 1994 389 2048 quidem
407 2003 521 2035 tanto
540 1998 668 2049 poetae
705 1998 959 2037 observatum
977 2010 1058 2036 non
1077 1994 1205 2041 fuiffe,
1230 1993 1389 2033 credere
1410 1991 1476 2030 vix
1507 1991 1613 2030 licet.
1666 1992 1773 2030 Nam
1793 1994 1874 2031 Or-

221 2059 436 2114 phicorum
454 2060 711 2101 auetoritates
730 2063 779 2101 ad
799 2075 958 2101 carmen
979 2059 1232 2100 cultiffimum
1253 2057 1405 2097 nullam
1419 2055 1505 2094 vim
1524 2054 1667 2093 habere
1688 2053 1845 2107 poffunt
1857 2075 1874 2108 ἱ

223 2122 254 2164 fi
273 2122 378 2162 forte
409 2123 452 2161 in
480 2123 565 2177 ejus
582 2124 745 2164 exordio
765 2128 927 2178 poetam
946 2125 994 2165 de
1014 2125 1052 2163 se
1081 2122 1328 2162 mentionem
1359 2118 1488 2158 facere
1507 2117 1735 2157 memineris
1752 2118 1875 2171 idque

223 2186 455 2240 exemplum
474 2188 524 2227 ad
543 2189 767 2242 Virgilium
786 2191 944 2230 trahere
963 2188 1148 2228 volueris.

281 2263 307 2293 2
333 2254 495 2292 Lavinia
514 2254 668 2293 Medic.
689 2268 712 2293 a
739 2268 796 2294 m.
814 2268 875 2308 pr.
896 2255 1042 2307 aliique
1063 2250 1176 2290 codd.
1194 2248 1259 2288 sed
1278 2246 1494 2301 pauciores.
1554 2244 1875 2285 Commendabat

223 2313 324 2357 illud
345 2316 486 2359 Heins.
512 2319 662 2372 recepit
690 2320 830 2358 Burm.
886 2319 948 2358 Sic
976 2328 1111 2358 tamen
1144 2315 1229 2367 jam
1261 2312 1415 2352 editum
1453 2310 1518 2350 ed.
1541 2313 1653 2364 Junt.
1679 2321 1782 2359 1520
1800 2322 1875 2362 per

226 2379 325 2426 Nic.
343 2380 582 2435 Angdium,
598 2384 704 2431 ,unde
723 2383 767 2423 in
786 2384 881 2424 alias
894 2384 984 2424 edd.
1003 2382 1129 2421 venit.
1150 2379 1238 2419 aliae
1258 2377 1457 2417 retinuere
1475 2378 1695 2426 Lavinaque.
1722 2376 1875 2415 Eadem

225 2445 398 2486 varietas
415 2446 521 2500 apud
540 2446 646 2489 Gell.
675 2448 731 2488 X.
755 2448 819 2498 16,
846 2458 886 2488 et
905 2449 956 2488 al.
979 2447 1196 2486 Enimvero
1215 2445 1378 2481 Lavinia
1404 2456 1498 2479 arva
1522 2438 1597 2478 inf.
1618 2440 1690 2486 IV,
1713 2438 1807 2488 236,
1832 2450 1877 2480 et

225 2506 279 2551 sle
297 2508 366 2550 alii
381 2509 525 2564 po‘e'tae.
582 2511 718 2550 Etiam
736 2511 887 2551 Graecis
905 2509 1068 2549 Λαουΐνιον
1097 2516 1136 2546 et
1155 2504 1326 2543 Λαουὶνῖοι-
1381 2501 1496 2541 Nihil
1526 2510 1660 2540 autem
1679 2499 1749 2538 nlfi
1768 2499 1875 2538 forte

227 2572 349 2613 Λαῦνα
366 2587 431 2628 ap.
448 2573 616 2627 Dionys.
636 2574 771 2615 Halic.
793 2577 827 2625 1,
854 2586 907 2627 59
947 2573 1030 2627 (ubi
1059 2581 1194 2610 tamen
1221 2569 1320 2606 Vat.
1341 2565 1500 2604 Λαουῖνίω
1531 2563 1669 2615 habet)
1690 2563 1877 2614 occurrit,

222 2637 338 2691 quod
355 2635 752 2677 Lavinumi‘cribatur.
809 2637 932 2691 Apud
951 2638 1134 2688 Propert.
1154 2634 1206 2681 11,
1234 2643 1300 2681 25,
1327 2631 1382 2677 64
1407 2629 1532 2681 igitur
1551 2629 1703 2666 Lavinis
1719 2626 1874 2664 litoribus

227 2700 314 2756 ⁶¹5¹,
325 2715 400 2754 pro
425 2701 602 2742 Laviniis.
655 2702 731 2742 Est*
741 2711 877 2742 tamen
896 2699 1100 2755 Juvenalis
1121 2696 1254 2736 versus
1281 2697 1361 2733 Sat.
1393 2694 1487 2740 XII,
1517 2702 1565 2740 71
1594 2693 1765 2728 novercali
1776 2692 1875 2742 fides

220 2767 376 2822 'ptaelata
404 2768 574 2805 Lavino.-
603 2765 675 2806 ubi
705 2764 818 2807 nulla
843 2763 1064 2805 contraffio
1091 2761 1225 2802 locum
1243 2757 1392 2798 habet:
1423 2754 1531 2809 quod
1561 2753 1646 2806 jam
1664 2753 1802 2792 monui
1821 2751 1873 2792 ad

222 2826 515 2901 *ripumobffi
536 2827 589 2881 11,
613 2842 656 2882 5,
682 2841 750 2883 49.

195 2938 210 2943 ’”
268 2945 452 3056 1223,-
476 2999 478 3001 ‚
501 2942 598 3005 De>
619 2941 832 2993 AEneidis
872 2955 1016 3005 argu·
1094 2935 1143 2984 in
1162 2934 1321 2988 Latio,
1343 2949 1399 2980 eo
1421 2929 1609 2995 ‘Fidem
1631 2928 1754 2978 1⁰⁰0’
1778 2939 1873 2988 ‘1¹¹⁰

440 3020 500 3058 ΘΟ

512 3019 564 3056 et
577 3010 730 3074 poe'tae
746 3007 1018 3072 profeffione
1096 3001 1349 3050 Lavinium
1391 2997 1583 3062 posthaee
1627 2992 1685 3039 ab
1721 2992 1874 3039 AEnea

231 3013 394 3064 muto

335 3064 338 3069 ἱ
1098 3067 1189 3115 fuit
1209 3065 1464 3114 conditum.
1503 3061 1580 3108 Est
1599 3068 1752 3105 autem
1774 3055 1872 3101 haec

231 3073 465 3131 monitum
502 3087 558 3122 ac·
578 3072 861 3138 disputatum
883 3072 945 3119 est
966 3071 1017 3118 in

230 3139 462 3204 praemiffis
483 3133 580 3204 Dis
605 3138 688 3187 uis.
707 3139 750 3186 I.
771 3139 840 3186 II.
854 3138 1015 3190 Arma,

230 3208 281 3257 h.
305 3223 348 3255 e.
371 3204 494 3271 bella
523 3203 590 3266 (su
650 3205 813 3254 AEneae
840 3202 1013 3250 adven-

227 3271 403 3344 tum'in
417 3268 577 3349 “CI-'talin
597 3269 765 3350 orta),
782 3273 1016 3332 virumque

227 3348 696 3464 ’Ἀμώς
712 3333 935 3468 *arr-331:
966 3342 1018 3471 ἓξ

230 3466 486 3535 'adventum
502 3465 595 3515 viri
617 3480 652 3530 a*
661 3463 820 3543 Tfuja·
828 3462 1019 3530 profugi

494 3543 513 3581 ι
566 3548 568 3550 ’
755 3542 767 3559 ³
796 3545 818 3564 ···

1096 3131 1306 3182 AEneidis
1329 3129 1520 3179 summa,
1553 3139 1652 3187 quae
1673 3116 1877 3167 absolvi-

1097 3209 1174 3244 tur
1226 3195 1346 3243 sede
1383 3192 1434 3240 in
1482 3190 1620 3238 Italia
1659 3194 1877 3247 accepta,

1094 3261 1250 3310 Turni
1270 3257 1391 3307 caede
1414 3267 1462 3304 et
1482 3271 1540 3302 ex
1573 3249 1748 3300 foedere
1765 3263 1874 3295 cum

1098 3326 1298 3375 Latino:
1335 3322 1453 3375 XII,
1491 3333 1576 3382 117
1601 3317 1701 3380 sqq.
1733 3314 1876 3361 Arma

1097 3397 1329 3453 virumque
1365 3384 1529 3436 melius
1579 3381 1647 3430 ita
1686 3393 1771 3427 nos
1825 3387 1875 3424 et

1097 3456 1220 3522 epici
1240 3450 1454 3505 carminis
1468 3444 1687 3515 dignitati
1702 3457 1874 3517 cpnve-

1699 3515 1880 3559 mutet
