2294 4030
502 268 1092 369 ·.AENE1DOS,
1166 269 1349 330 LIB.
1411 269 1495 330 11.
1737 279 1850 348 235

223 437 311 500 At
333 457 450 499 non
478 436 599 510 ille,
638 436 978 519 satum'quo
1001 451 1060 496 te
1089 438 1377 509 mentiri3‚
1417 437 1682 496 Achilles
1736 452 1854 515 540

225 548 390 611 Talis
419 549 484 609 in
506 549 670 608 hoste
697 550 811 608 fuit
840 548 1111 609 Priamo:
1156 547 1255 608 sed
1272 547 1407 629 jura
1434 550 1733 630 fidemque

219 658 518 742 Supplicis
546 663 804 735 erubuit,
845 661 1174 743 corpusque
1201 661 1490 739 exsangue
1510 661 1774 741 sepulcro

218 775 508 836 Reddidit
526 775 916 850 Hectoreum,
940 797 1157 856 meque
1177 776 1240 834 in
1262 796 1393 834 mea
1413 794 1592 854 regna
1612 776 1852 835 remisit.

221 891 321 952 Sic
351 890 503 949 fatus
531 886 739 958 senior,
779 886 1085 965 telumque
1110 886 1324 946 inbelle
1351 888 1470 947 fine
1495 889 1613 948 ictu

224 1003 535 1087 Conjecit:
576 1022 757 1063 rauco
775 1002 936 1081 quod
962 1002 1230 1080 protinus
1259 1024 1373 1062 aere
1399 1005 1715 1085 repulsum,
1739 1022 1849 1084 545

221 1120 304 1183 Et
332 1119 567 1179 summo
588 1117 768 1197 clipei
793 1116 1197 1195 nequidquam
1224 1118 1487 1177 umbone
1507 1118 1813 1199 pependit.

222 1235 341 1295 Cui
366 1234 622 1314 Pyrrhus
645 1255 660 1293 z
699 1231 944 1294 Referes
972 1252 1116 1312 ergo
1142 1232 1294 1304 haec,
1337 1247 1395 1292 et
1423 1235 1664 1292 nuntius
1691 1234 1809 1294 ibis

222 1413 360 1466 Bigot.
383 1426 407 1452 a
425 1425 482 1455 m.
502 1424 563 1465 pr.
592 1410 768 1451 Dorvill.
799 1419 839 1450 et
872 1410 1019 1459 Wau„
1045 1425 1133 1464 quae
1166 1411 1364 1452 sollennes
1391 1413 1479 1452 sunt
1506 1422 1574 1453 aut
1594 1414 1862 1456 aberrationes

220 1486 291 1518 aut
309 1476 648 1530 interpolationes.
705 1473 904 1514 Posterius
922 1475 1085 1527 quidem
1104 1488 1185 1514 non
1205 1476 1409 1529 displicere
1429 1477 1546 1516 video
1561 1479 1791 1518 Burmanno
1808 1479 1861 1518 ad

224 1540 451 1594 Antholog.
473 1543 568 1582 Vet.
591 1542 687 1580 Lat.
708 1553 748 1592 p.
771 1551 793 1589 3
800 1538 871 1588 38,
892 1552 980 1586 nec,
1006 1539 1114 1591 quod
1126 1539 1177 1578 ad
1194 1538 1348 1579 sensum
1367 1539 1526 1589 attinet,
1547 1540 1768 1590 dissentia33
1795 1543 1865 1582 sed

144 1622 147 1629 “
165 1662 171 1666 ¹
209 1608 331 1669 funus
351 1605 458 1645 haud
477 1604 596 1644 dubie
611 1602 839 1656 exquifitius
863 1604 1060 1659 po'e'taque
1082 1603 1254 1654 dignius.
1308 1605 1444 1657 Fecisti,
1462 1607 1597 1658 patrios
1606 1607 1651 1659 f.
1668 1617 1703 1644 et
1718 1623 1763 1646 v.
1784 1607 1858 1646 sec·

222 1672 371 1710 Moret.
428 1670 547 1708 vultos
586 1667 734 1710 Medic.
757 1680 831 1719 pro
850 1666 985 1706 voltus.
1016 1679 1055 1704 v.
1092 1665 1227 1705 Heins.
1337 1679 1431 1715 540.
1458 1684 1480 1706 a
1501 1684 1566 1721 quo
1585 1680 1618 1707 te
1643 1671 1862 1722 Reg.——-

221 1745 317 1784 542.
346 1733 505 1774 exhibuit
518 1732 657 1784 Bigot‚
713 1745 782 1783 que
814 1727 919 1767 abest
947 1741 972 1765 a
1002 1729 1203 1768 nonnullis
1222 1729 1358 1776 Pierii,
1388 1730 1527 1773 Heins.
1550 1740 1590 1770 et
1609 1733 1747 1774 Burm.

221 1810 318 1849 543.
348 1798 472 1852 recfft
491 1793 670 1834 Parrhas.
781 1803 877 1841 544.
898 1792 1015 1845 fatur
1033 1792 1168 1843 Bigot.
1203 1802 1243 1832 et
1270 1794 1383 1833 Leid.
1406 1808 1474 1835 un.
1585 1808 1679 1845 545.
1708 1798 1866 1850 Projecit

225 1861 428 1909 Parthas„
454 1859 562 1913 quod
581 1857 800 1898 admodum
819 1856 857 1895 se
877 1855 1146 1903 commendat,
1172 1855 1302 1894 uthoc
1321 1858 1444 1896 verbo
1464 1859 1624 1898 irritum
1643 1860 1770 1900 ianm
1789 1876 1863 1902 no-

221 1936 299 1976 tet,
323 1927 390 1967 vel
403 1928 636 1965 Burmanno
650 1922 797 1976 judice.
854 1921 1026 1977 repuffum
1045 1921 1089 1974 ss
1119 1922 1264 1973 Puget.
1286 1922 1467 1962 Parrhas.
1498 1932 1537 1963 e't
1556 1926 1618 1965 ed.
1641 1929 1746 1967 Ven.
1769 1942 1862 1970 cum

225 1994 354 2042 Goth.
377 2001 470 2032 tert.
489 1991 668 2046 sepultum
687 1998 726 2028 et
727 1988 905 2045 sepultum
922 1987 969 2042 'est
987 2001 1008 2026 e
1027 1987 1104 2026 suis
1133 1987 1247 2028 codd.
1275 1987 1410 2028 laudat
1431 1990 1597 2039 Pierius,
1625 1993 1730 2032 unde
1748 1994 1863 2034 Gifa-

220 2058 313 2100 nius
329 2055 498 2097 faciebat
517 2055 707 2110 repultum.
738 2053 901 2103 antique
930 2065 1003 2105 pro
1023 2051 1223 2107 repulsum5
1254 2052 1369 2092 Male
1389 2067 1427 2093 v.
1447 2055 1793 2106 Burm.--546,
1825 2060 1865 2101 Ε

118 2153 125 2158 ,
210 2125 344 2190 summo
360 2121 539 2168 Vratiss.‚
567 2128 612 2159 ut
632 2118 784 2157 dudum
803 2117 884 2171 ipse
902 2116 1135 2156 malueram.
1194 2127 1228 2155 et
1265 2130 1345 2155 non
1378 2120 1474 2158 citat
1506 2122 1644 2161 Lutat.
1679 2122 1729 2161 ad
1757 2124 1859 2163 Stat.

130 2668 134 2669 ⁷
163 2649 165 2651 ’
192 2666 194 2668 ·
221 2647 544 2700 commodatis.
612 2644 682 2691 Re
708 2642 885 2691 funebri
905 2645 1002 2708 pol-

220 2189 239 2228 1
259 2186 395 2227 Theb.
418 2195 512 2236 377.
566 2183 702 2246 repellit
719 2182 819 2222 alter
837 2180 988 2228 Hamb,

223 2249 300 2299 sec.
319 2251 471 2289 Moret.

1101 2191 1193 2231 547.
1225 2183 1310 2227 Cum
1332 2185 1381 2225 Ρ.
1414 2184 1556 2225 tertius
1574 2187 1731 2227 Moret.
1789 2199 1864 2231 tum

218 2392 349 2445 titur.
405 2401 549 2456 grates
562 2387 609 2434 h.
631 2385 664 2435 1.
678 2399 838 2449 poena:
873 2395 919 2432 et
939 2384 1000 2432 fic
1082 2401 1164 2447 43,
1189 2387 1233 2434 8.
1300 2386 1506 2451 Respicit
1530 2400 1677 2437 autem
1715 2393 1865 2440 reddi-

213 2461 396 2526 praemia
415 2451 706 2517 frequentius.
736 2453 896 2512 patrios
902 2456 1001 2514 soe-
1084 2462 1178 2497 turn
1202 2450 1381 2498 Priamo
1421 2453 1611 2501 cadaver
1650 2456 1863 2504 Hestoris

220 2523 332 2588 dasti
347 2525 507 2586 funere
537 2515 703 2571 vultus,
742 2514 1003 2578 graviffimis
1083 2514 1221 2562 Iliad.
1263 2528 1378 2564 extr.
1429 2520 1863 2586 jurafidemquesup-

220 2585 375 2636 verbis
395 2595 441 2631 et
477 2580 621 2630 atroci
654 2579 905 2641 speetaculo
931 2595 1006 2626 ac·-
1075 2579 1220 2643 plicis,
1293 2582 1342 2628 τὸ
1383 2584 1487 2629 ὅσιον
1530 2592 1604 2634 τῆς
1666 2586 1860 2644 ἱκετείας,

1085 2644 1360 2692 sanctitatem
1398 2647 1628 2710 suppliciS,
1661 2667 1762 2698 nam
1803 2653 1862 2699 de

221 2715 292 2768 lui
309 2728 356 2763 et
374 2708 675 2762 contaminari
695 2709 917 2763 homines,
938 2723 1005 2754 re-
1070 2711 1163 2770 fide
1182 2708 1360 2772 proprie
1377 2711 1495 2757 dicta
1511 2726 1557 2758 et
1577 2713 1768 2778 supplici
1782 2718 1863 2763 da..

221 2779 390 2846 ligiosa
423 2788 518 2825 erat
538 2772 696 2839 opinio
715 2793 728 2830 ς
762 2784 807 2819 et
827 2771 1004 2836 adsper-

220 2844 275 2899 so
309 2843 422 2907 ejus,
469 2841 550 2906 qui
593 2837 800 2892 caeditur,
849 2852 1006 2884 cruore

221 2908 443 2961 foedatur,
496 2913 771 2957 cruentatur,
823 2900 1003 2964 aliquis.

224 2972 275 3025 h.
309 2973 343 3021 l.
385 2970 468 3036 ipfi
505 2969 670 3020 vultus,
702 2979 876 3012 tantum
912 2982 1003 3012 non

90 3046 97 3058 “
137 3089 140 3091 ,
224 3035 416 3099 adsperfi
435 3044 482 3082 et
515 3030 810 3081 contaminati
824 3036 1004 3093 funere,

226 3101 370 3156 caede,
399 3098 630 3162 sanguine.
679 3100 822 3158 funus
838 3110 918 3158 per
934 3110 1006 3140 ca.-

224 3165 367 3212 daver
429 3162 747 3225 interpretatur
811 3159 1005 3209 Servius.

225 3228 395 3276 Forma
428 3225 577 3275 versus
621 3241 715 3290 5¹40
754 3224 916 3271 At.non
938 3222 1007 3270 ille

215 3291 324 3359 sqq.
362 3291 603 3339 illustratur
620 3306 648 3337 a
668 3289 926 3338 Burmanno
947 3287 1006 3334 ad

226 3356 421 3405 Anthol.
440 3353 573 3404 Poet.
591 3354 764 3417 Lat.,p.
788 3354 898 3413 388.
962 3359 1007 3398 in

222 3422 331 3487 hoste
350 3418 612 3483 exquisitius
663 3422 827 3465 namin
846 3415 1004 3480 hostem.

109 3447 110 3450 Ὺ
195 3489 277 3564 fv.
301 3482 539 3547 ntakenb.
560 3483 620 3533 ad
681 3481 744 3535 κ’.
766 3479 1007 3548 xxvin,

1086 2785 1130 2818 ta
1167 2773 1215 2819 h.
1252 2775 1284 2821 l.
1317 2775 1392 2837 agi
1415 2778 1586 2838 nequit.
1655 2781 1743 2827 Sed
1761 2783 1862 2845 sup·

1082 2837 1187 2899 plex
1207 2846 1251 2885 in
1257 2840 1389 2899 fidem
1406 2840 1585 2905 alicrfjus
1605 2841 1650 2890 h.
1673 2859 1712 2890 e.
1746 2858 1863 2892 tute-

1083 2902 1173 2948 lam
1209 2903 1356 2958 venit;
1407 2903 1595 2952 debetur
1632 2906 1784 2971 itaque
1814 2910 1862 2959 ei

1069 2968 1178 3027 fides
1199 2967 1246 3013 h.
1265 2984 1305 3015 e.
1322 2968 1625 3017 incolumitas.
1652 2975 1862 3035 sepulcro,

1083 3031 1142 3077 ad
1177 3030 1460 3094 sepulturam.
1526 3041 1570 3080 in
1598 3056 1689 3083 mea
1708 3058 1861 3103 regna,

1083 3094 1133 3142 in
1179 3095 1365 3160 regiam.
1433 3097 1656 3159 sequutus
1678 3102 1737 3148 est
1759 3102 1861 3150 nos-

1083 3171 1203 3206 trum
1222 3161 1386 3206 Seneca
1408 3160 1582 3213 Troad.
1611 3180 1626 3209 1
1643 3181 1747 3228 103.

1156 3240 1417 3287 544--5¹49.
1454 3226 1550 3272 Sine
1583 3231 1707 3285 iau,
1738 3231 1863 3294 quod.

1085 3288 1245 3335 vulnus
1267 3305 1355 3335 non
1389 3289 1576 3343 faceret,
1608 3308 1700 3340 non
1726 3311 1863 3358 pene-

1087 3363 1250 3408 traret3
1317 3352 1392 3398 sed
1445 3353 1671 3416 perforato
1715 3360 1859 3416 corio,

1085 3417 1208 3479 quod
1229 3416 1401 3464 scutum
1422 3429 1516 3464 erat
1533 3418 1785 3477 industum,
1805 3424 1864 3470 ab

1090 3496 1175 3531 aere
1190 3480 1394 3535 refiliret.
1455 3485 1583 3547 κωφὸν
1597 3488 1716 3547 βέλος
1740 3487 1864 3534 dixit

1711 3551 1860 3603 Hom.
