2372 4030
617 302 1140 378 AENEIDOS,
1209 306 1398 368 LIB.
1443 310 1492 370 1.
1792 330 1863 400 37

200 485 203 487 ’
233 462 329 535 Ac
346 473 532 554 prior,
546 469 739 545 Heus,
757 471 975 552 inquit,
983 470 1254 552 juveneS,
1270 473 1586 533 monstrate
1606 494 1869 537 mearum

233 584 479 647 Vidistis
506 583 551 644 fi
577 568 760 665 quarn
779 584 879 645 hic
909 599 1199 645 errantem
1225 585 1374 645 forte
1402 586 1686 661 sororum,

229 697 617 759 Subcintstam
645 697 916 778 pharetra
944 712 1001 756 et
1029 697 1345 757 maculosae
1374 699 1637 775 tegmine
1666 701 1870 777 lynciS‚

231 814 358 874 Aut
382 811 709 893 spumantis
732 811 862 891 apri
886 791 1122 872 cursum
1150 813 1408 872 clamore
1436 827 1825 890 prementem.

314 925 410 986 Sic
433 924 630 987 Venus
649 956 666 996 ς
709 941 769 986 et
790 925 1033 985 Veneris
1055 941 1262 987 contra
1278 926 1354 986 fic
1378 927 1533 986 filius
1553 926 1730 989 orsus:
1753 946 1825 1004 32
1838 944 1863 1005 5

230 1038 417 1099 Nulla
444 1053 682 1099 tuarum
706 1037 908 1097 audita
935 1038 1088 1097 mihi
1116 1059 1307 1119 neque
1337 1039 1457 1097 visa
1486 1039 1767 1111 sororum,

229 1151 553 1234 O,.·quarn
597 1169 656 1212 te
706 1150 1080 1212 memorem?
1141 1153 1347 1232 virg03
1413 1173 1668 1232 namque
1717 1154 1873 1214 haud

478 1266 591 1327 tibi
621 1266 817 1327 voltus

279 1467 379 1508 321.
406 1457 460 1496 Et
473 1458 590 1511 prior.
630 1457 680 1497 At
686 1460 803 1512 prior.
852 1460 909 1498 Ac
919 1462 1024 1512 prius
1043 1458 1085 1499 in
1102 1459 1154 1500 al.
1211 1461 1334 1511 iuquit,
1360 1459 1452 1497 nobis
1472 1475 1518 1497 m.
1545 1458 1665 1499 Goth.
1690 1458 1874 1498 scc.·—--

230 1533 328 1574 322.
358 1521 402 1560 Si
417 1536 519 1574 quam
538 1523 727 1560 hortantem
748 1522 909 1562 Zulich.

1024 1535 1116 1573 323.
1139 1525 1345 1576 pharetram
1365 1522 1561 1561 habebant
1583 1522 1696 1560 codd.
1713 1521 1876 1559 Priscia-

228 1587 273 1627 ni
288 1595 473 1643 §empore
489 1594 528 1624 et
546 1585 598 1647 ἷξε
618 1586 766 1627 Hamb.
788 1586 860 1627 sec.
895 1597 935 1627 et
955 1587 1108 1639 aliquot
1141 1587 1329 1626 Pieriani.
1386 1589 1445 1625 Ita
1472 1586 1722 1625 scribendum
1753 1585 1875 1624 etiam

223 1649 325 1690 effet
343 1653 504 1703 tegmina,
516 1657 562 1689 ut
583 1650 756 1689 Gudian.
778 1663 801 1688 a
819 1662 875 1689 m.
897 1664 957 1703 pr.
1003 1653 1164 1702 maculqsb
1183 1650 1350 1689 Mentel.
1371 1663 1434 1701 pr.
1481 1659 1544 1688 aut
1563 1666 1606 1688 m.
1627 1650 1793 1700 Menag.
1812 1663 1873 1701 pr,

224 1724 426 1764 ——3252
441 1722 481 1752 at
500 1715 608 1754 Serv.
620 1722 666 1752 et
686 1714 774 1753 edd.
790 1713 887 1753 Ald.
910 1716 1022 1766 Junt,
1072 1714 1229 1753 Scilicet
1247 1723 1333 1753 erat
1353 1727 1398 1751 ea
1414 1713 1587 1764 vulgaris
1606 1712 1741 1761 leffio,
1754 1723 1874 1763 quam

219 1778 418 1818 -Pieriuse
439 1777 556 1817 codd.
573 1777 758 1816 consensu
778 1778 1018 1817 emendavit.
1059 1779 1170 1831 fies.
1192 1780 1301 1828 inquit
1329 1778 1403 1816 sec.
1428 1776 1578 1815 Hamb.
1606 1777 1713 1827 quod
1733 1775 1875 1816 melio-

226 1855 318 1882 rem
333 1842 475 1882 sonum
506 1840 615 1888 facit,
650 1840 761 1880 addit
793 1841 930 1879 Burm.
966 1839 1039 1879 nifi
1071 1839 1176 1879 forte
1209 1839 1285 1892 irgfit
1318 1838 1486 1892 praestat.

809 1914 902 1954 327.
938 1903 969 1942 Ο
986 1906 1071 1956 quid
1083 1913 1115 1942 te
1128 1903 1190 1943 ed.
1212 1904 1316 1947 Ven,
1373 1905 1486 1940 voltus
1505 1915 1526 1940 e
1548 1902 1748 1941 Gudiano.
1802 1904 1874 1941 cul-

226 1908 369 1946 Franc.
425 1921 482 1943 nec
495 1904 622 1947 Goth.
637 1917 699 1957 pr,

1600 1838 1690 1887 326.
1719 1840 1804 1876 mihi
1834 1839 1878 1892 est

224 1978 282 2010 uus
302 1968 451 2009 Hamb.
466 1967 540 2009 sec.
595 1967 968 2021 Interpuntffion‘em
994 1968 1141 2007 horum
1160 1967 1345 2007 versuum
1364 1965 1533 2005 mutavi.

228 2111 382 2167 meris,
414 2127 506 2157 non
528 2110 576 2157 in
598 2110 796 2175 pectore,
828 2109 931 2156 usus
964 2109 1014 2157 in

227 2176 383 2223 tunica
399 2175 484 2237 est)
529 2191 611 2222 nec
635 2175 684 2221 in
707 2173 949 2236 chlamyde
969 2186 1015 2221 et

226 2239 329 2290 aliis
347 2239 536 2296 vestibus
556 2238 722 2287 tunicis
739 2238 1015 2302 superinjec-

198 2302 302 2360 ftis.
359 2303 519 2379 ’Igitur
553 2302 712 2350 melius
746 2303 804 2350 de
825 2303 1014 2367 cingulo

222 2368 526 2434 accipiemus;
578 2368 731 2416 Cerda
761 2366 886 2414 Livii
911 2368 1011 2414 An-

224 2432 407 2487 dronici
429 2445 560 2480 notos
591 2432 739 2479 versus
773 2431 893 2496 apud
919 2431 1012 2480 Te-

224 2500 416 2550 rentian.
437 2496 591 2544 Maur.
612 2514 658 2561 p.
685 2497 809 2559 2426
847 2494 1013 2544 Gram-

225 2574 334 2610 mat.
361 2560 704 2626 Putsch2po'etae
733 2573 834 2607 ante
856 2562 1014 2608 oculos

215 2626 351 2685 fuisse
368 2625 676 2690 suspicabatur
690 2644 704 2682 3
738 2625 798 2684 E?
796 2629 899 2690 jam
914 2639 1018 2689 pur-

215 2695 481 2757 pureosuras
495 2689 657 2751 incltede
677 2690 889 2749 cothurno,
907 2689 1016 2736 Bal-

206 2771 314 2812 ‚teus
333 2770 373 2804 et
388 2769 554 2815 revocet
591 2754 778 2813 volucres
800 2761 844 2804 in
853 2761 1017 2817 pee‘lare

206 2824 352 2888 finus.
418 2818 603 2868 Scilicet
646 2819 788 2867 Nodus
824 2818 1015 2878 omnino

202 2901 310 2952 pro
332 2884 492 2950 quovis
513 2883 720 2933 vinculo·

293 2965 403 3013 32¹.-
435 2947 545 3015 Qo
564 2948 764 2996 sermone
778 2963 831 3005 ac
852 2947 1011 3012 lingua

223 3013 304 3063 hic
346 3009 397 3060 in
421 3013 593 3065 Africae
625 3012 735 3068 oris,
773 3011 924 3062 Venus
960 3023 1008 3058 et

225 3092 335 3131 mox
358 3075 505 3140 Dido,
536 3089 582 3124 et
596 3075 656 3130 fic
677 3075 756 3124 alii
773 3075 823 3123 in
851 3075 1009 3124 Sicilia

223 3155 271 3190 et
289 3139 443 3197 Italia,
476 3144 581 3191 eum
597 3139 740 3188 AEnea
758 3139 828 3188 uti
846 3152 1006 3204 potue-

224 3207 338 3264 rint,
372 3217 441 3262 ut,
475 3222 575 3269 quae
593 3205 814 3262 dicerent,
844 3203 905 3252 ab
921 3203 1008 3250 hoc

208 3267 638 3335 ..intelligi'poffent,›
668 3269 813 3318 aliena
834 3285 861 3316 a
887 3267 1011 3332 poelfi

220 3335 353 3402 epica
373 3335 434 3383 est
450 3334 653 3398 quaestio,
685 3351 744 3384 ne
758 3331 917 3382 *dicam
940 3331 1013 3378 in-

218 3415 250 3451 e
285 3412 345 3448 ta.
410 3397 611 3447 Omnem
639 3398 763 3450 enim
781 3398 877 3461 ejus
896 3395 1012 3458 vim,

220 3463 260 3512 il
276 3461 454 3511 ecebras
472 3474 517 3510 et
525 3463 702 3526 gratam
714 3462 919 3509 fraudem
936 3460 1007 3507 in-

207 3528 460 3595 v&exciperet
478 3527 579 3586 talis
603 3525 844 3587 subtilitas,
876 3525 1013 3586 Gon-

1095 2119 1280 2156 ventum
1299 2109 1357 2155 est
1379 2106 1498 2155 inter
1518 2112 1699 2170 poetam
1720 2119 1764 2154 et
1786 2107 1875 2155 Iec-

1094 2184 1237 2220 torem
1275 2172 1412 2219 tacite
1440 2171 1487 2217 in
1526 2173 1629 2226 hoc,
1664 2185 1712 2218 ut
1752 2190 1875 2219 com-

1094 2238 1220 2285 muni
1261 2238 1460 2284 sermone
1497 2235 1617 2281 inter
1639 2235 1681 2282 se
1703 2237 1769 2282 uti
1790 2254 1874 2299 pu-

1093 2314 1244 2349 tentur
1267 2299 1461 2364 Trojani
1482 2311 1527 2345 et
1549 2299 1716 2346 Achivi
1736 2312 1779 2347 et
1816 2302 1874 2348 fic

1091 2383 1244 2430 porro.
1324 2364 1470 2412 Semel
1513 2364 1728 2411 monuiffe
1773 2366 1874 2412 satis

1092 2430 1168 2478 est.

1161 2511 1270 2556 323.
1304 2494 1560 2540 Succinei’am
1575 2492 1800 2556 pharetra,
1825 2506 1876 2541 ut

1092 2558 1272 2622 gladio,
1306 2558 1442 2613 ferro,
1464 2558 1738 2604 succinstum
1757 2558 1873 2605 dici-

1096 2627 1224 2670 inus:
1261 2620 1433 2668 scilicet
1450 2626 1692 2687 succingere
1723 2622 1781 2667 est
1803 2622 1874 2668 in-

1094 2688 1270 2735 terdum
1293 2686 1504 2732 instruere
1521 2687 1603 2742 ita,
1635 2698 1686 2732 ut
1701 2684 1872 2732 cinstus

1093 2768 1179 2817 ope
1201 2752 1495 2814 adjungamus
1534 2767 1644 2798 rem.
1709 2748 1873 2796 Pharc-

1092 2828 1160 2874 tra
1183 2827 1332 2862 autem
1365 2813 1561 2862 humeris
1595 2813 1757 2876 pendet
1776 2813 1874 2882 oin-

1090 2880 1201 2945 gulo
1222 2878 1385 2926 vincia.
1452 2877 1591 2941 Apud
1613 2877 1869 2925 Homerum

1089 2946 1150 2992 est
1170 2942 1284 3006 ἀμφῖ
1313 2943 1382 2990 Vel
1401 2941 1734 3004 πξξῖ-ἐβάλετο
1756 2943 1870 3002 ξίφος

1090 3008 1226 3056 fimili
1249 3023 1392 3066 more·
1452 3020 1608 3072 tegmen
1627 3006 1757 3070 [yncis
1773 3005 1869 3055 vid·

1090 3074 1148 3134 ad
1169 3090 1211 3122 v.
1234 3089 1292 3138 ²7
1299 3089 1344 3136 5.

1155 3153 1263 3201 324.
1298 3136 1474 3198 Georg.
1498 3133 1588 3190 III,
1610 3150 1702 3196 413
1738 3149 1867 3180 mon-

1086 3201 1233 3265 tisque
1253 3216 1332 3264 per
1349 3199 1462 3246 altos
1482 3199 1695 3263 Ingentem
1715 3198 1868 3247 clamo-

1086 3285 1134 3327 re
1147 3279 1306 3330 premes
1326 3265 1389 3310 ad
1406 3268 1512 3310 retia
1533 3281 1721 3310 cervum.
1769 3261 1867 3307 Hic

1087 3329 1225 3377 etiam
1246 3327 1421 3375 dofflus
1452 3342 1536 3391 pro
1556 3340 1675 3390 apro,
1709 3329 1866 3388 cuffum

1088 3398 1187 3458 apri
1197 3405 1401 3457 premere!
1433 3389 1624 3453 insequi,

1160 3473 1247 3522 327
1272 3455 1372 3518 sqq.
1404 3453 1568 3502 Lineas
1586 3454 1751 3502 horum
1769 3466 1869 3498 ver-

1087 3520 1215 3581 suum
1249 3519 1400 3579 videas
1430 3517 1483 3580 in
1516 3517 1676 3593 odyff.
1700 3517 1742 3585 ζ,
1765 3531 1858 3657 13&
