2294 4030
512 170 540 187 ῃ
566 163 569 165 .

417 348 531 425 7'28
650 342 717 403 P.
792 334 1273 399 VIRGILII
1345 330 1853 395 MARoNis

415 478 914 587 Inmortalejecur
937 502 1202 573 tondenS‚
1235 500 1602 580 fecundaque
1630 501 1827 580 poenis

417 619 672 687 Viscera,
700 616 1065 692 rimaturque
1094 612 1303 691 epuliS,
1332 611 1681 690 habitatque
1708 610 1818 697 sub
1846 613 1969 672 alto
2052 615 2070 673 ζ

414 734 682 794 Ρεᾶοτεε
714 751 819 789 nec
849 729 1013 788 fibris
1043 727 1268 806 requies
1297 726 1471 786 datur
1494 728 1617 786 ulla
1643 728 1880 788 renatiS.
1927 727 2054 790 600

417 847 582 929 Qid
606 863 929 904 memorem
961 841 1265 919 LapithaS,
1294 839 1523 914 lxiona,-
1549 839 2047 920 Pirithoumque?

417 962 582 1042 Qos
604 959 774 1036 super
799 970 919 1012 atra
947 952 1084 1010 filex
1103 950 1232 1032 jam
1253 949 1383 1032 jam
1413 950 1661 1025 labsura,
1689 953 2047 1033 cadentique

415 1071 672 1133 Inminet
699 1065 1013 1126 adsimilis:
1052 1063 1251 1122 lucent
1283 1062 1614 1142 genialibus
1643 1063 1775 1122 altis

464 1226 558 1286 598.
579 1230 678 1284 jecor
709 1229 815 1270 Gud.
891 1227 1028 1267 tondens
1058 1225 1159 1264 bene
1197 1233 1333 1263 tuetur
1374 1223 1512 1264 Heins.
1582 1224 1646 1264 Sic
1686 1224 1834 1266 Medic.
1876 1233 1918 1264 et
1963 1216 2049 1270 alii,

410 1298 625 1349 omnesque
647 1292 834 1340 Pieriam,
861 1293 983 1330 etiam
1012 1299 1091 1328 tres
1124 1287 1249 1328 Goth.
1282 1301 1374 1327 cum
1402 1287 1548 1340 fragm.
1571 1288 1705 1330 Vatic.
1764 1288 1851 1329 Alii
1876 1289 2053 1335 tundensg,
2091 1333 2095 1338 1

416 1372 454 1400 ct
476 1360 522 1399 fic
544 1359 633 1399 edd.
662 1356 783 1396 Aldd.
820 1355 980 1408 priores.
1039 1355 1096 1391 At
1128 1352 1169 1390 in
1206 1350 1299 1390 Ald.
1341 1361 1442 1399 1514
1479 1350 1708 1403 Naugerius
1738 1351 1864 1392 edidit
1895 1351 2049 1391 tondens.

415 1425 597 1463 Alterum
619 1422 794 1474 quidem,
825 1420 984 1465 tundens,
1015 1426 1149 1455 tuetur
1170 1414 1314 1453 Cerda.
1373 1414 1449 1454 Sed
1469 1413 1698 1466 exquisitius
1719 1413 1908 1462 alterum,
1926 1413 2051 1453 etiam

414 1488 581 1529 Homeri
602 1486 792 1538 resperstu,
820 1484 859 1522 in
892 1497 970 1535 quo
1004 1480 1250 1533 Γῦπε-ἱπαξ
1276 1479 1409 1532 ἐ’κειςον.
1470 1479 1522 1517 Et
1553 1477 1603 1518 fic
1634 1478 1752 1531 saepe.
1859 1490 1956 1532 599·
1983 1494 2053 1533 que

413 1552 516 1591 deest
536 1552 595 1590 ed.
618 1552 721 1589 Ven.
780 1548 889 1601 epulis
910 1545 1044 1585 Heins.
1067 1558 1087 1583 e
1106 1543 1337 1583 melioribus
1360 1542 1603 1596 elegantius.
1657 1542 1796 1596 Vulgo
1814 1544 1951 1598 epulas,
1976 1556 2051 1584 nec

411 1626 545 1655 tamen
577 1614 647 1653 nisi
680 1614 720 1651 in
749 1613 835 1651 edd.
873 1608 1256 1649 minusemendatis.
1303 1609 1410 1646 Nam
1430 1620 1572 1647 omnes
1591 1607 1716 1648 Aldd.
1744 1607 1893 1648 habent
1920 1608 2047 1664 epulis.

413 1680 461 1718 R.
486 1694 550 1732 que
568 1677 670 1716 oculis
692 1676 845 1714 Nonius
878 1674 919 1712 in
952 1670 1294 1712 rimari.——600.
1325 1673 1461 1724 requies
1476 1671 1587 1724 fibris
1606 1664 1669 1724 Pr.
1692 1670 1838 1712 Hamb.
1951 1673 2047 1713 602.

412 1744 494 1798 Qo
502 1742 610 1796 super
630 1742 749 1780 Rom.
795 1740 885 1791 stlix
908 1737 1022 1776 Leid.
1080 1737 1222 1776 cadente
1241 1745 1322 1774 tres
1349 1749 1413 1787 ap.
1434 1735 1577 1776 Burm.
1631 1749 1736 1790 quea
1764 1736 1903 1776 multis
1928 1736 2052 1785 abest,

409 1809 528 1848 etiam
566 1821 588 1846 a
625 1808 745 1845 Rom.
786 1804 919 1853 Ma1e3
959 1802 1059 1843 inest
1100 1803 1209 1842 enim
1260 1802 1322 1841 vis
1368 1800 1420 1841 ad
1474 1801 1722 1842 reddendam
1761 1802 1924 1844 auribus
1963 1804 2052 1857 soni

409 1871 638 1925 imaginem.

408 2009 578 2056 inventi
614 2010 703 2057 ulla
737 2009 784 2055 in
824 2009 880 2055 iis
917 2008 1013 2055 laus
1055 2011 1183 2072 (nam

407 2069 582 2137 praeivit
626 2075 851 2121 Homerus
887 2074 990 2120 loco
1019 2072 1183 2128 nobili,

409 2139 568 2201 Odyss,
589 2151 635 2194 λ,
676 2145 928 2204 575—-580
950 2150 994 2184 et
1016 2138 1062 2184 in
1087 2154 1183 2184 ver-

407 2203 476 2251 bis
521 2203 698 2250 Lucret.
741 2203 832 2257 ΙΙΙ,
871 2219 960 2265 997
1003 2202 1099 2265 sqq.
1139 2213 1185 2249 et

407 2267 564 2315 Attius
601 2267 649 2314 in
674 2268 935 2315 Prometheo
957 2282 1030 2329 ap.
1073 2266 1182 2314 Cic.

408 2328 547 2379 Tusc.
589 2331 786 2397 Q.11,
827 2349 901 2386 ιο,
944 2348 1042 2394 quae
1080 2332 1180 2379 loca

407 2399 708 2459 comparanda
748 2395 847 2442 sunt
892 2395 939 2441 in
978 2395 1178 2459 singulis,

406 2455 483 2507 sed
505 2460 698 2523 aequiore
721 2473 764 2507 et
784 2460 968 2508 meliore
987 2460 1178 2520 judicio,

406 2541 542 2587 quam
579 2526 797 2588 Scaliger,
841 2525 987 2570 Cerda
1018 2538 1060 2571 et
1099 2525 1177 2572 alii

407 2588 457 2635 in
505 2589 709 2636 Homero
743 2602 787 2636 et
823 2588 1029 2653 Virgilio
1058 2589 1176 2636 fece-

408 2653 552 2712 runt),
593 2671 674 2702 nec
697 2670 763 2700 res
784 2653 1040 2716 exponitur,
1078 2671 1178 2717 qua-3

406 2718 557 2780 aliqua
592 2734 693 2765 cum
720 2717 930 2765 suavitate
963 2719 1179 2782 cognosci

408 2783 552 2845 possit.
621 2783 733 2829 Non
762 2782 882 2829 enim
905 2783 1058 2830 horret
1081 2783 1179 2830 ani-

408 2863 505 2893 mus
526 2846 732 2910 legentis,
768 2846 843 2893 sed
873 2847 1097 2894 aversatur
1113 2849 1180 2909 je-

407 2924 489 2957 cur
531 2910 650 2959 sanie
684 2911 904 2959 diffluens.
969 2912 1183 2960 alumnum

407 2972 625 3040 accipiam
648 2988 731 3039 pro
761 2975 876 3033 filio,
912 2988 961 3023 ut
986 2976 1179 3024 Homer.

408 3042 529 3098 γαίης
551 3041 738 3103 ἔςικυδέος
758 3041 848 3089 υἱόν.
918 3041 1097 3088 Volunt
1113 3055 1178 3087 ta-

406 3121 508 3151 men
561 3105 710 3169 Intpp.
766 3111 948 3169 poetam
994 3105 1179 3152 alteram

406 3169 705 3217 narrationem
772 3168 914 3234 sequi,
981 3187 1070 3233 qua
1123 3186 1179 3217 ex

408 3231 543 3279 Elara
616 3233 838 3298 susceptus
900 3251 926 3281 a
990 3235 1181 3282 Tellure

408 3309 534 3343 utero
574 3298 666 3344 fuit
721 3300 925 3362 gestatus.
1016 3298 1180 3346 Praeter

409 3362 739 3423 Apollodorum
762 3362 825 3424 (I,
849 3381 898 3426 4,
923 3362 963 3409 I.
990 3362 1108 3412 Not.
1133 3380 1180 3427 p.

408 3429 493 3489 43)
532 3444 573 3474 v.
612 3427 828 3497 Apollop.
867 3427 912 3485 1,
948 3429 1032 3492 761
1082 3427 1109 3473 s
1133 3444 1178 3492 q.

400 3503 481 3553 per
509 3510 655 3537 novem
674 3494 858 3555 jugera,
882 3491 1070 3555 antiquo
1111 3504 1180 3538 er-

410 3565 541 3602 mone
583 3555 639 3601 ad
692 3554 891 3620 corporis
929 3556 1041 3604 vasti
1089 3555 1183 3621 spe-

1265 2004 1381 2055 ciem
1420 2006 1740 2054 declarandam
1777 2007 1867 2054 hoc
1902 2007 2052 2056 valere

1265 2071 1435 2135 potuit.
1503 2071 1551 2117 T
1554 2072 1759 2120 umulum
1795 2083 1943 2120 tamen
1968 2088 2051 2121 no·

1265 2153 1364 2185 vem
1403 2137 1683 2200 plethrorum
1725 2136 1784 2182 ad
1824 2136 2051 2203 Panopeai

1266 2200 1457 2250 Boeotiae
1506 2201 1798 2248 monstratum
1856 2201 2047 2252 Pausan.

1266 2265 1335 2322 X,
1366 2282 1417 2327 4,
1438 2283 1485 2329 p.
1518 2268 1610 2315 806
1631 2277 1799 2314 narrat.
1871 2267 2019 2316 voltur
2032 2285 2052 2328 i

1260 2330 1309 2377 in
1326 2331 1532 2379 Homero
1548 2329 1641 2378 duo
1657 2329 1876 2387 vultures,
1886 2331 1944 2379 ad
1961 2343 2047 2379 ter-

1259 2411 1407 2443 rorem
1436 2395 1667 2458 majorem.
1714 2393 1767 2442 In
1790 2399 2050 2461 598—600

1259 2460 1480 2507 laboravit
1494 2461 1627 2524 poeta
1644 2459 1778 2515 forte,
1795 2473 1845 2508 ut
1869 2460 2045 2510 Home-

1260 2524 1406 2572 ricum
1422 2530 1598 2589 Δέςτξον
1619 2528 1696 2573 ἔσω
1713 2524 1884 2575 δύνοντες
1897 2544 1951 2575 ex
1986 2524 2049 2574 ri-

1259 2602 1416 2638 meret.
1472 2590 1700 2646 immortale
1704 2592 1833 2656 jecur
1855 2544 2050 2649 Heslzdi

1258 2655 1317 2702 de
1353 2655 1643 2711 Promethe0‚
1681 2654 1799 2718 ὦπας
1835 2655 2050 2704 ἀθάνατον

1257 2720 1318 2766 est
1342 2718 1524 2784 Theog.
1552 2736 1660 2784 523·
1711 2724 2051 2785 ficundapoenis

1259 2788 1441 2846 «viscera,
1476 2785 1708 2849 praeclare,
1739 2785 1886 2847 jecur,
1922 2785 2048 2850 quod

1263 2848 1513 2897 renascitur
1534 2849 1592 2896 ad
1626 2863 1795 2897 novum
1833 2850 1880 2898 su
1913 2851 2048 2916 plici-

1263 2930 1361 2969 um,
1398 2926 1447 2961 ut
1483 2913 1647 2962 iterum
1669 2913 1768 2967 erui
1792 2931 1854 2980 po
1885 2930 1937 2964 it.
2003 2935 2061 2974 ra,

1263 2977 1411 3041 epulis,
1430 2979 1487 3024 ad
1509 2979 1678 3042 epulas.
1747 2987 1960 3030 rimantur
1980 2979 2047 3030 ef.

1265 3043 1442 3106 Georg.
1466 3043 1509 3100 I,
1530 3048 1642 3104 384.
2057 3042 2060 3045 Α

1330 3108 1418 3156 601
1438 3110 1626 3173 —607.
1682 3106 1794 3156 Duo
1849 3107 2048 3159 Homeri

1261 3170 1361 3219 loca
1393 3183 1498 3220 ante
1536 3172 1698 3221 oeulos
1722 3172 1914 3230 habuit,
1948 3175 2046 3223 Od.

1260 3247 1307 3290 λ,
1359 3239 1447 3302 581
1499 3237 1559 3284 de
1598 3238 1819 3294 Tantalo,
1861 3250 1908 3286 et
1930 3242 2044 3304 592

1261 3301 1320 3346 de
1365 3301 1559 3367 Sisypho
1575 3319 1590 3358 ;
1649 3301 1851 3349 fabulam
1895 3313 2047 3351 tamen

1261 3364 1392 3414 affert
1425 3380 1452 3412 a
1489 3366 1670 3430 vulgari
1691 3366 1953 3416 narratione
1972 3367 2049 3416 di·-

1262 3430 1462 3479 versam:
1532 3430 1743 3478 Ixionem
1809 3443 1856 3480 et
1929 3431 2046 3480 Piri-

1261 3494 1421 3542 thoum
1467 3494 1524 3543 ex
1570 3494 1867 3561 Lapitharum
1910 3506 2052 3562 gente

1261 3557 1501 3617 oriundos,
1535 3559 1714 3609 allidere
1735 3560 2050 3673 effingam

1673 3652 1676 3654 v
1937 3639 2051 3689 upra‘
