2294 4030
427 284 545 347 492

667 261 737 324 P.
799 262 1307 324 VJ11RG1L1⁷1⁴
1350 228 1858 326 MARo<=N1s

434 436 607 501 Num,
629 435 900 497 lacrimas
914 436 1100 498 vidtus
1118 435 1304 509 dedit,
1323 451 1425 499 aut
1448 435 1749 498 miseratus
1770 440 2093 495 amanteffiss

679 551 800 610 est?

1952 567 2076 631 370

439 665 600 748 Qae
643 665 859 745 quibus
887 662 1244 724 anteferam?
1275 664 1433 742 Jam,
1455 662 1608 747 jam,
1645 655 1755 726 nec
1794 679 2078 727 maxuma

678 779 859 856 Jun0,
874 813 876 816 >

440 889 506 949 N
510 910 575 949 ec
605 891 911 953 Saturnius
927 893 1058 952 haec
1086 892 1272 952 oculis
1303 907 1469 972 pater
1487 892 1738 974 adspicit
1765 894 1995 974 aequisae

442 1007 759 1089 Nusquam
787 1024 915 1070 tuta
944 1011 1110 1069 fides.
1196 1009 1269 1090 Ej
1281 1009 1478 1069 edium
1504 1011 1697 1084 litore,
1724 1026 2022 1102 egentem·

354 1124 359 1131 ’
443 1127 696 1207 Excepi,
725 1142 782 1186 et
810 1129 979 1207 regni
1006 1127 1252 1188 demens
1284 1128 1346 1185 in
1374 1143 1540 1207 parte
1568 1129 1762 1189 locavi
1785 1161 1801 1200 ;

447 1244 739 1304 Amiflam
766 1244 1024 1319 claffem,
1053 1243 1259 1315 sociOS,
1287 1262 1321 1301 a
1347 1257 1536 1302 morte
1565 1243 1800 1305 reduxi.

1966 1265 2136 1334 3752

449 1362 593 1422 Heu
622 1359 812 1421 Furiis
839 1358 1074 1419 incensa
1105 1358 1290 1418 feror!
1323 1378 1478 1418 nunc
1506 1379 1697 1439 augur
1723 1360 1967 1442 Apollo,

508 1538 601 1579 370.
620 1529 723 1568 haud
738 1530 807 1586 mis
831 1528 911 1567 duo
931 1528 1072 1568 Burm.
1130 1528 1306 1583 miseretur
1332 1526 1411 1566 duo
1430 1525 1511 1566 alii.
1565 1528 1610 1581 est
1628 1526 1823 1567 omittunt
1842 1527 1975 1576 multi,
1987 1527 2094 1568 male

449 1593 529 1634 hoc
547 1593 712 1646 quidem
739 1593 839 1632 loco.

452 1658 591 1699 Burm.

953 1604 1045 1643 371.
1074 1603 1155 1632 ante
1173 1593 1300 1646 seram
1333 1591 1491 1631 divifim
1516 1591 1648 1630 multi.
1702 1608 1766 1631 non
1799 1601 1840 1632 et
1872 1609 1981 1648 neque
2011 1602 2094 1634 tres

708 1669 800 1707 372.
833 1658 964 1714 inspicit
997 1658 1165 1709 Menag.
1207 1670 1284 1710 pr„
1321 1656 1445 1696 etiam
1477 1656 1590 1696 bene.

1705 1668 1781 1707 373
1789 1686 1799 1698 .
1828 1658 2019 1714 Nusquam
2050 1658 2096 1712 est

452 1732 484 1764 t.
509 1722 662 1774 aliquot
680 1722 802 1770 Pier.,
828 1720 932 1760 male
965 1722 1016 1760 ad
1040 1721 1246 1760 sententize
1278 1721 1531 1760 brevitatem.
1588 1721 1686 1760 litore
1704 1732 1853 1774 egentem
1873 1722 1972 1761 olim
2002 1721 2114 1775 jun-“

454 1795 600 1825 xerunt
620 1788 729 1825 Serv.
754 1795 793 1824 et
823 1784 962 1833 Prise,
986 1784 1133 1823 merito
1162 1783 1436 1837 improbatum
1469 1797 1489 1822 a
1510 1783 1608 1822 viris
1638 1783 1780 1822 doetis.
1835 1784 1948 1832 litore,
1967 1783 2037 1834 est,
2055 1784 2098 1826 in

454 1849 608 1891 littore.
642 1849 723 1888 vid.
762 1850 901 1888 Burm.
939 1848 1006 1887 vel
1037 1848 1079 1887 in
1112 1847 1235 1887 littus.

1351 1860 1445 1899 374.
1475 1849 1617 1903 Suscepi
1654 1838 1842 1887 Priscian.
1875 1857 1917 1888 et
1961 1848 2099 1890 Codex

455 1919 522 1967 ap.
553 1914 678 1961 Pier„
706 1913 773 1953 sed
804 1912 1012 1965 vulgatam
1037 1912 1160 1952 etiam
1194 1914 1343 1950 Seneca
1361 1911 1480 1952 habet
1504 1911 1575 1951 lib.
1602 1912 1680 1950 VII
1701 1911 1750 1951 de
1777 1911 1917 1953 Benef.
1940 1923 2006 1961 24.
2064 1910 2127 1955 εὖ(

455 1984 572 2034 regem
601 1981 637 2019 in
658 1990 699 2033 p.
724 1977 849 2017 Goth.
879 1978 952 2017 sec.

1067 1988 1160 2028 375.
1191 1976 1354 2029 Ejeaam
1376 1977 1420 2016 cI.
1453 1976 1574 2015 Prisc.
1603 1974 1672 2030 lib.
1703 1977 1781 2014 V11
1801 1985 1842 2016 et
1859 1975 1945 2030 sup.
1964 1978 2098 2027 versu,

458 2044 585 2097 claffim
605 2043 685 2082 duo
712 2041 854 2082 Heins.
877 2055 916 2080 v,
937 2041 1019 2094 sup.
1043 2041 1093 2080 ad
1113 2043 1183 2088 ΙΙΙ,
1201 2052 1241 2089 5.
1281 2040 1453 2095 sociosque
1479 2039 1558 2086 vel,
1577 2040 1662 2094 ets.
1693 2039 1827 2089 multi,
1853 2050 1898 2080 ut
1916 2041 2014 2081 solet
2035 2057 2102 2084 co.-

458 2107 555 2161 pula
572 2106 676 2146 male
696 2106 863 2148 intrudi.

919 2105 1054 2145 Potest
1079 2105 1145 2144 hic
1169 2105 1302 2144 versus
1325 2104 1412 2157 post
1431 2104 1675 2157 superiorem
1694 2103 1923 2157 languidior
1940 2105 2070 2147 videri
2085 2110 2112 2147 ε’

457 2170 596 2221 iraque
627 2170 708 2222 Jac.
745 2170 897 2221 Bryant
928 2171 981 2210 V.
1017 2169 1065 2207 C.
1085 2180 1180 2209 eum
1209 2166 1426 2210 delendum
1453 2167 1529 2209 effe
1554 2166 1951 2221 censebat.·—-'-376.
1981 2177 2106 2215 auHor
2134 2178 2138 2187 '

449 2235 504 2279 A.
526 2234 704 2286 Hugen.·

539 2370 648 2420 371.
679 2355 795 2418 Qae
810 2353 955 2419 quibus
979 2357 1250 2419 anteferam?

469 2419 571 2467 scil.
610 2431 839 2482 tamquam
861 2420 1033 2467 leniora
1054 2418 1250 2465 duriori-

469 2484 581 2533 bus?
614 2484 660 2531 h.
684 2499 724 2530 e.
750 2483 919 2531 Annon
934 2485 1028 2531 haec
1051 2496 1252 2530 extrema

475 2550 606 2596 sunt?
646 2548 872 2595 duriffima
902 2560 947 2594 et
981 2548 1250 2611 graviffima,

473 2613 641 2679 quibus
703 2613 1066 2660 contumeliofius
1123 2612 1252 2675 quic-

476 2696 612 2740 quam
645 2694 702 2724 ne
732 2677 928 2742 cogitari
950 2676 1135 2741 quidem
1156 2675 1254 2740 pos-

479 2744 566 2791 fit?
599 2755 650 2790 ut
687 2743 799 2790 adeo
834 2742 952 2789 illud
987 2742 1139 2788 locum
1175 2741 1255 2787 ha-

476 2808 587 2856 bere
607 2818 817 2871 nequeat,
851 2806 1036 2855 ferenda
1058 2806 1140 2854 effe
1159 2807 1256 2854 haec

479 2884 710 2935 tamquam
734 2870 934 2926 modica,
969 2888 1025 2917 ne
1047 2871 1255 2934 graviora

478 2937 698 3002 experiar.
801 2935 940 2983 Hanc
991 2935 1256 2983 sententiam

484 3001 601 3050 mihi
640 3002 828 3065 quidem
865 3001 1011 3057 locus,
1041 3000 1178 3047 verba
1209 3011 1256 3048 et

479 3065 574 3129 ipse
587 3067 767 3114 affectus
782 3065 1001 3128 postulare
1018 3064 1245 3113 videntur.

481 3131 642 3194 Vulgo
672 3129 906 3194 accipiunt
923 3131 1012 3185 vel,
1041 3146 1141 3193 quae
1162 3130 1256 3193 pri-

483 3212 555 3249 us,
588 3213 687 3258 quae
704 3192 938 3260 posterius,
960 3195 1111 3243 dicam
1130 3196 1147 3241 ?
1186 3194 1258 3241 Ita

484 3272 530 3306 et
555 3260 736 3307 Servius
750 3278 763 3315 ;
798 3259 887 3316 vel,
919 3276 1020 3324 quae
1041 3258 1142 3306 aliis
1163 3275 1260 3307 ma-

477 3325 580 3390 jora
600 3324 750 3372 dicam
768 3326 785 3372 ?
960 3346 964 3350 ·

550 3402 608 3454 37
617 3407 641 3452 3
656 3415 722 3438 η,-
736 3389 846 3453 376.
915 3386 1099 3436 Divina·
1131 3389 1264 3452 plane

486 3453 600 3512 haec,
616 3453 936 3511 sententiarum
956 3466 1002 3503 et
1019 3452 1262 3510 verbotum

1331 2351 1574 2417 gravitate!
1610 2352 1672 2399 Et
1714 2353 1904 2402 omnino
1943 2370 2107 2421 magna
2173 2395 2177 2400 ,
2251 2341 2285 2418 ’ᾗ

2284 2420 2286 2439 l

1330 2418 1520 2464 suavitas
1576 2418 1634 2464 ad
1687 2419 1884 2473 amantis*
1910 2419 2110 2486 decepta

1330 2481 1499 2529 sensum
1524 2481 1571 2528 in
1593 2482 1662 2529 his
1685 2483 1878 2546 querelis
1897 2485 1954 2534 de
1975 2485 2114 2550 perfiff

1333 2547 1411 2593 dia
1453 2559 1498 2594 et
1540 2547 1721 2611 ingrato
1768 2548 1940 2596 animo.
2006 2549 2116 2597 Cae-·

1333 2623 1479 2658 terum
1514 2624 1616 2658 ante
1646 2612 1802 2659 oculos
1823 2613 1952 2661 fuiffe
1979 2614 2121 2663 vides-¹·

1333 2687 1409 2723 tur
1429 2675 1625 2740 primum
1654 2676 1853 2740 Calypso
1874 2677 2047 2741 Odyfll
2072 2690 2112 2735 εὶ
2157 2673 2167 2714 s
2252 2671 2255 2677 ¹
2284 2721 2286 2732 ι

1341 2758 1430 2803 130
1450 2740 1538 2805 sq.,
1571 2753 1668 2788 tum
1692 2740 1927 2807 Euripidis
1943 2743 2126 2793 Medea*
2173 2799 2175 2805 ,
2256 2754 2268 2775 2‘

1334 2823 1382 2852 v.
1418 2809 1513 2870 476
1539 2805 1658 2871 sqq„
1688 2805 1806 2853 forte
1826 2820 1872 2855 et
1903 2808 2122 2867 Ariadne*
2157 2804 2203 2869 gs
2268 2831 2270 2834 >

1336 2869 1512 2918 Catulli
1551 2871 1601 2918 in
1638 2871 1837 2935 Epithal.
1887 2889 1975 2939 149
2011 2871 2110 2941 sqq.
2284 2866 2286 2917 i

1338 2943 1461 3001 regni
1499 2941 1546 2984 in
1577 2948 1708 2999 parte
1746 2935 1811 2984 cf.
1855 2936 1953 3002 sup.
1999 2954 2111 3002 214³,
2156 2971 2172 2988 =.

1335 3003 1524 3111 anczifflsn
1550 3000 1714 3112 fylaffi’ni.
1740 3000 1809 3113 sc.l
1838 3001 2118 3116 {senem}

1338 3083 1389 3175 ἕξ
1414 3081 2057 3179 ’έῑξῃωέᾟῑεήῗηῗῃὲῗὲώ

1338 3204 1431 3249 tur,
1466 3206 1517 3241 ut
1543 3196 1640 3258 jam
1673 3208 1756 3260 pro
1790 3195 1940 3243 amiss'a
1960 3194 2126 3247 habefl'
2170 3195 2171 3198 ’

1339 3257 1496 3321 postet,
1509 3275 1598 3307 una
1619 3275 1723 3307 cum
1743 3259 1958 3323 Trojanis
1973 3259 2032 3308 ad
2048 3261 2131 3310 102·

1341 3337 1395 3368 ca
1416 3335 1512 3369 tuta
1534 3323 1689 3372 reduci
1699 3325 1816 3387 juffi.
1881 3324 2004 3374 Cum
2019 3323 2122 3375 lim*
2263 3359 2286 3378 ,

1340 3388 1634 3435 enumerasset
1672 3388 1722 3435 in
1755 3390 1944 3437 AEnearn
1981 3378 2118 3438 meriss
2173 3381 2175 3386 Α

1340 3461 1388 3499 :a
1421 3468 1476 3501 ac
1509 3451 1728 3502 beneficia
1761 3453 1856 3531 sua,
1887 3452 2123 3574 dologflgg
2130 3525 2150 3539 1)
