2372 4030
492 392 717 441 xxxnr
853 361 1673 450 DISQUISITIO
1753 364 1808 434 I.

495 522 790 618 Deorum
824 562 1039 613 autem
1078 545 1502 636 interventUS‚
1546 545 1827 628 Junonis
1881 567 1946 618 et
2007 554 2147 621 Ve-

491 663 660 730 neris
705 662 816 728 irae
848 675 912 726 et
942 657 1173 735 studia,
1223 680 1298 722 ac
1329 656 1563 747 ‘partes
1616 659 1698 725 iis
1751 649 2142 749 tribuendae,

491 777 746 870 egregie
779 789 956 842 erant
967 773 1108 864 jam
1127 770 1207 836 ab
1231 771 1531 837 Homero
1551 770 1857 842 definitae.
1912 782 2148 867 Qan-

491 894 580 960 do
611 895 831 985 itaque
862 890 1079 981 primo
1109 886 1324 954 statim
1360 885 1658 953 AEneidis
1702 889 1985 981 ingreffu
2021 898 2148 980 Ju-

492 1010 688 1076 nonis
739 1029 956 1074 memor
1001 1005 1127 1081 ira,
1201 1003 1553 1091 irarumque
1591 1000 1832 1093 cauſj’ae,
1858 1008 2151 1101 saevique

491 1126 720 1193 dolores
752 1135 1221 1197 memorantur,
1274 1117 1425 1185 odia
1447 1119 1739 1206 Junonia
1765 1144 1851 1188 ex
1884 1121 2147 1191 Home-

489 1266 562 1310 ro
588 1242 803 1308 statim
834 1239 1211 1306 succurrunt
1258 1235 1504 1326 legenti
1547 1251 1610 1301 et
1648 1235 1793 1326 jam
1846 1239 1926 1304 ab
1954 1239 2148 1309 initio

489 1379 755 1447 gravem
785 1353 862 1419 de
889 1353 1112 1419 AEneae
1144 1348 1406 1418 fortuna
1452 1346 1960 1418 sollicitudinem
1988 1353 2146 1446 inji-

491 1470 674 1535 ciunt
706 1472 770 1535 ἦ.

582 1695 776 1765 VIII.
824 1698 1042 1763 Po‘etae
1064 1694 1418 1761 sollertiam
1450 1712 1512 1762 et
1544 1719 1818 1764 acumen
1844 1700 2042 1767 etiam
2066 1701 2141 1769 in

489 1812 612 1879 hoc
642 1812 915 1903 spectari
948 1813 1125 1890 volo,
1179 1811 1359 1904 quod
1409 1837 1540 1879 non
1575 1813 1777 1880 modo
1831 1840 1915 1883 ex
1946 1819 2142 1884 nobi-

487 1928 722 1995 }iflima
751 1929 1154 2020 antiquitatis
1187 1944 1394 2020 parte,
1445 1931 1655 2021 qualis
1688 1955 1906 1999 rerum
1937 1934 2142 2002 Tro'i-

490 2067 710 2108 carum
744 2043 855 2120 est,
907 2067 1137 2110 verum
1168 2043 1364 2109 etiam
1395 2068 1478 2109 ex
1511 2069 1591 2110 eo
1635 2035 2009 2138 temporum
2040 2074 2143 2116 ar·-

491 2161 689 2227 ticulo
723 2161 1018 2227 AEneidis
1056 2179 1518 2253 argumentum
1550 2162 1766 2238 duxit,
1816 2165 1935 2255 qui
1972 2165 2142 2231 intra

489 2299 843 2367 paucorum
877 2303 1202 2347 annorum
1259 2278 1602 2346 decursum
1631 2279 1970 2370 ingentem
1998 2281 2142 2347 vim

487 2394 831 2460 illustrium
864 2395 1229 2463 facinorum
1277 2421 1351 2462 ac
1383 2395 1912 2462 memorabilium
1957 2394 2141 2462 casu-

491 2533 607 2579 um
659 2509 1229 2603 conversionesque
1291 2534 1509 2578 rerum
1586 2509 1916 2576 mirabiles
1980 2533 2136 2577 cum
2200 2538 2202 2541 ¹

489 2621 764 2688 Graeciae
827 2640 888 2687 et
937 2623 1111 2691 Afiae
1170 2642 1315 2692 tum
1362 2623 1568 2690 Italiae
1611 2619 2136 2714 comprehendit.

490 2734 669 2808 Nam
703 2736 914 2802 exciso
948 2738 1073 2803 Ilio
1115 2738 1246 2804 dici
1294 2738 1410 2805 vix
1459 2736 1692 2828 potest,
1741 2730 2138 2826 quantopere

486 2852 730 2944 ubique
779 2855 1107 2922 turbatum
1160 2856 1257 2923 fit.
1361 2856 1544 2923 Victi
1593 2851 2000 2944 victoresque
2053 2852 2136 2917 ad

486 2987 688 3030 novas
752 2965 930 3034 sedes
994 2969 1374 3060 quaerendas
1426 2992 1544 3060 per
1572 2985 1791 3035 totum
1827 2983 2137 3033 terrarum

484 3080 710 3147 orbem
745 3081 1004 3173 dispersi
1026 3086 1425 3178 vagabantur
1452 3086 1536 3174 †,
1585 3100 1651 3151 et
1692 3084 1908 3152 versus
1958 3081 2137 3148 occi-

486 3188 749 3276 dentem
771 3198 1087 3278 maxime,
1137 3201 1255 3292 qui
1282 3216 1418 3267 tam
1445 3222 1679 3292 parum
1699 3195 1918 3266 adhuc
1944 3196 2139 3264 Grae-

549 3406 582 3438 Ῥ
617 3407 755 3458 Conf.
781 3405 972 3464 Ex'curs,
997 3413 1051 3463 1*
1075 3417 1134 3465 ad
1155 3417 1240 3467 lib.
1265 3418 1308 3467 Ι.

503 3479 505 3482 ⁴
550 3495 582 3544 ’ἱ
616 3489 851 3564 Egregius
874 3504 936 3551 est
957 3519 1062 3554 eam
1082 3504 1131 3557 in
1154 3524 1255 3560 rem
1277 3504 1519 3561 Strabonis
1539 3505 1672 3559 locus
1708 3505 1792 3560 lib.
1830 3504 1878 3563 Ι,
1905 3519 1961 3571 Ρ·
1983 3503 2047 3568 48
2074 3499 2136 3558 B’

486 3581 536 3653 et
555 3570 757 3632 lib.111,
787 3592 836 3642 p.
868 3593 957 3646 ¹50
980 3581 1045 3631 A.
1867 3655 1869 3657 ‚
2074 3643 2089 3655 .

1905 3709 1924 3715 ,
2028 3663 2132 3710 ClS
