2294 4030
471 328 589 405 646
847 273 1729 382 Excusssus‘mi

472 493 691 559 equidem
719 507 812 540 non
837 489 1035 539 multum
1059 487 1264 536 tribuere
1298 483 1441 539 solen,
1474 479 1558 547 q‘ui
1586 492 1635 530 et
1658 481 1757 537 hie,
1790 489 1844 530 ut
1866 479 2042 546 Erycem
2060 471 2125 528 ab

471 569 689 619 hebraica
717 565 902 630 origine
937 564 1109 612 ducere
1130 560 1283 624 poffit,
1329 557 1382 606 in
1421 555 1610 628 Elymujn
1640 553 1755 604 illud
1788 567 1959 612 mutat,
1992 567 2050 604 ut
2065 552 2128 601 ad

472 645 587 693 Elim
609 641 795 690 tandem
817 657 889 688 res
913 637 1186 686 deducatur.
1255 633 1292 681 F
1295 644 1446 679 errem
1465 642 1622 679 tamen
1653 644 1827 688 mntem
1859 629 2049 692 Elymum
2068 628 2130 678 ab

477 716 652 782 Elymis
669 711 1004 763 habitatoribus
1019 710 1210 758 dietum.
1280 705 1332 754 Si
1353 704 1570 754 historica
1594 703 1683 754 fide
1699 706 1767 754 uti
1789 704 1928 760 nolis,
1944 716 1999 753 et
2015 716 2131 753 eomlb

477 792 688 846 tendere,
730 804 853 838 nunc
890 787 1078 835 demum
1114 783 1174 832 ab
1212 783 1363 831 AEnea
1383 780 1550 830 urbem
1583 782 1758 830 Acestae
1787 792 2001 847 paratam
2016 779 2131 836 effe,

475 864 852 932 quandoquidem
878 860 1064 909 Acestes
1089 869 1263 906 venatu
1282 855 1412 904 inter
1435 854 1568 904 filvas
1593 856 1743 905 vitam
1766 855 1907 921 egiss‘e
1928 853 2134 904 traditur

473 944 541 997 V,
569 958 624 1005 37
661 942 843 988 occurrit
860 937 1025 1000 Acqstes
1048 935 1264 982 Horridus
1286 935 1333 979 in
1355 930 1524 998 jaculis
1546 945 1588 980 et
1618 930 1726 997 pelle
1747 927 1980 997 Libystidos
2001 932 2134 993 uffaeu

475 1026 523 1061 et
549 1030 634 1079 301
675 1015 852 1074 Afflceti
870 1009 1032 1075 silvis,
1066 1011 1232 1057 comites
1254 1007 1439 1069 finieris
1461 1006 1644 1071 Acestae,
1677 1005 2027 1075 eoquefducunt
2042 1003 2136 1053 alifi.

475 1088 599 1143 loca,
623 1089 689 1143 V,
713 1087 828 1150 617.
854 1085 968 1147 631.
995 1098 1122 1147 717:
1175 1093 1335 1129 tamen
1365 1081 1443 1128 vel
1478 1081 1536 1130 fic
1561 1083 1683 1130 reete
1706 1082 1848 1144 poeta
1881 1079 2004 1129 urbes
2031 1079 2136 1143 jam

479 1175 583 1211 ante
607 1161 763 1209 dicere
785 1158 958 1224 potuit,
989 1173 1090 1222 quae
1113 1156 1278 1204 eodem
1295 1155 1420 1210 loco,
1445 1156 1491 1211 Ι,
1520 1172 1613 1222 557
1637 1158 1778 1220 stdes,
1813 1171 1901 1220 pro
1924 1171 2137 1220 quocun-

479 1255 567 1303 que
583 1235 770 1284 omnino
793 1231 1093 1281 habitationis
1118 1246 1291 1296 genere
1313 1247 1326 1277 ε
1362 1230 1427 1278 At
1435 1234 1572 1296 freta
1593 1230 1780 1277 Sicaniae
1780 1227 1940 1292 saltem
1941 1231 2138 1295 fihspue

471 1326 660 1380 paratas
688 1312 809 1358 Unde
826 1311 905 1357 huc
927 1311 1129 1361 ad-veAi‘i,
1151 1324 1372 1370 regemque
1386 1318 1579 1370 petamus
1599 1307 1800 1371 Acestem.
1870 1304 2031 1370 Atque
2042 1304 2139 1354 'hoe

481 1403 617 1438 unum
637 1385 695 1434 ad
714 1383 1029 1450 expediendas
1054 1382 1348 1430 difficultates
1369 1380 1503 1444 hujus
1527 1381 1714 1447 generis
1737 1378 1914 1429 sufficit.

950 1527 1533 1578 EXCURSUS
1602 1528 1678 1576 Π.

1133 1618 1462 1696 DeEryce.

545 1736 613 1793 V,
651 1756 728 1802 23.
756 1753 819 1801 24
852 1736 943 1784 Nec
965 1734 1098 1783 litora
1132 1731 1251 1797 longe
1273 1733 1362 1796 Effl
1385 1751 1481 1781 reor
1503 1737 1724 1800 fraterna
1746 1733 1897 1795 Eryczssr
1918 1735 2145 1796 perustae

483 1819 670 1864 Sicanos.
738 1813 876 1860 Adde
912 1829 959 1859 v.
1004 1826 1092 1876 391
1107 1844 1117 1855 .
1148 1824 1259 1873 39²·
1285 1824 1401 1871 403.
1427 1824 1483 1871 41
1498 1826 1523 1856 2
1549 1807 1614 1872 sq.
1650 1820 1699 1856 et
1735 1806 1991 1874 759—761
2034 1805 2145 1857 Tum

482 1894 636 1936 vicina
657 1892 783 1952 astrir
804 1889 986 1951 Erycino
1004 1892 1049 1933 in
1071 1889 1240 1934 vertice
1246 1885 1370 1947 fides
1389 1883 1429 1930 F
1431 1887 1621 1932 undatur
1640 1885 1795 1931 Veneri
1807 1881 1985 1938 Idaliae,
2001 1897 2144 1932 tumu-

483 1966 599 2031 loque
602 1967 806 2027 fizcerdos
823 1965 891 2011 Ac
909 1962 1022 2010 lucus
1045 1961 1132 2008 late
1154 1962 1288 2020 sacer
1305 1960 1485 2007 additur
1507 1960 1727 2023 Anchfio.

552 2040 686 2088 Mela
708 2038 777 2094 II,
803 2054 829 2102 7
866 2038 1078 2085 Montium
1101 2035 1225 2096 Eryx
1246 2038 1432 2082 maxime
1447 2049 1719 2090 memoratur,
1737 2032 1787 2082 ob
1809 2031 2026 2083 delubrum
2058 2035 2146 2086 Ve-

487 2122 603 2165 neris
622 2116 682 2164 ab
704 2117 861 2164 AEnea
883 2116 1106 2162 conditum.
1175 2113 1251 2159 Ex
1273 2110 1455 2175 vulgari
1475 2108 1696 2176 opinione
1714 2128 1885 2160 nomen
1907 2112 1969 2160 ab
1991 2112 2147 2177 Eryce

489 2192 697 2246 dubium,
725 2208 864 2255 quem
880 2190 998 2238 adeo
1021 2194 1164 2254 poeta
1178 2187 1313 2235 doffte
1328 2198 1376 2242 et
1392 2186 1542 2252 ipsum
1560 2187 1610 2235 in
1627 2187 1835 2236 carmine
1848 2188 2148 2246 memoravit,

487 2285 537 2315 v.
568 2284 657 2332 391
681 2268 748 2332 sq.
818 2269 951 2332 Eryx
974 2264 1052 2313 hic
1070 2263 1290 2330 pugilatu
1312 2262 1500 2319 nobilis,
1514 2263 1713 2312 Veneris
1729 2281 1756 2312 e
1780 2264 1903 2313 Buta
1922 2265 2041 2315 filius
2069 2269 2144 2331 (ν.

489 2344 677 2410 Hygin.
702 2343 736 2392 f.
764 2346 878 2398 260,
909 2342 1026 2390 alios
1052 2358 1128 2406 ap.
1156 2341 1350 2388 Cluver.
1378 2339 1505 2388 Sieil.
1530 2353 1628 2390 ant.
1647 2358 1694 2406 p.
1721 2340 1817 2406 269
1839 2341 1983 2407 sqq.),
2005 2343 2147 2393 etiam

487 2422 540 2470 in
557 2420 707 2469 numis
734 2420 1091 2483 Segestanorum
1115 2418 1300 2467 obvius.
1335 2434 1387 2465 v-
1412 2418 1664 2467 Burmann.
1689 2419 1795 2467 Sec.
1828 2419 1889 2467 ad
1911 2419 2170 2473 Numism.'
2245 2413 2259 2482 5²

493 2496 587 2544 Sic.
611 2511 659 2560 p.
688 2495 781 2560 396
799 2495 899 2559 sqq.
938 2494 993 2541 In
1017 2493 1330 2557 Erycinorum
1347 2492 1500 2541 numis
1517 2493 1643 2558 apud
1661 2495 1883 2542 Parutam
1904 2506 1953 2544 et
1976 2495 2150 2545 Peleri-

490 2590 605 2621 num
628 2572 724 2637 ipse
746 2570 976 2620 Hercules
1007 2587 1253 2620 occurrere
1286 2569 1489 2618 videtur.
1559 2571 1701 2635 Qod
1725 2571 1778 2619 in
1808 2582 1966 2622 monte
1989 2573 2151 2638 Eryce
2238 2563 2275 2618 ἶ·

492 2648 586 2697 fuit
602 2647 829 2712 templum
846 2645 1048 2697 Veneris
1072 2644 1449 2710 antiquiffimum‚
1474 2656 1525 2694 ut
1542 2644 1603 2694 ad
1637 2644 1910 2695 Phoenicum
1942 2647 2152 2696 Astarten

493 2723 792 2788 religionem,
814 2738 907 2770 non
931 2733 1028 2769 tam
1048 2721 1189 2776 male,
1229 2732 1281 2769 ut
1297 2722 1445 2770 multa
1468 2720 1578 2777 alia,
1613 2737 1642 2770 a
1658 2722 1893 2770 Bocharto
1922 2722 2153 2773 referatur
2240 2722 2246 2774 ζ’
2270 2742 2272 2779 ς

492 2800 732 2857 (Canaan.
760 2797 830 2851 ΙΙ,
860 2795 937 2858 1),
961 2792 1153 2861 vulgari
1187 2806 1340 2844 tamen
1363 2795 1490 2844 fama
1507 2795 1746 2860 Trojanos
1779 2795 2043 2846 conditores
2064 2798 2150 2847 ha-
2236 2786 2271 2846 ,Γ

496 2873 609 2943 bere
633 2871 888 2920 ferebatur.
956 2870 1084 2919 Hine
1105 2869 1226 2919 nihil
1253 2871 1434 2920 suavius
1457 2871 1664 2920 verfibus
1695 2887 1799 2938 759
1827 2873 1951 2937 sqq„
1983 2872 2151 2939 quibus

494 2947 693 2995 AEneam
710 2946 838 2995 suum
852 2946 994 3010 poeta
1010 2946 1246 2995 auftorem
1263 2945 1430 3011 templi
1446 2945 1582 3001 facit,
1597 2946 1680 2996 etfi
1695 2946 1755 2994 de
1771 2947 1862 2996 hoe
1878 2946 2152 3013 scriptorum
2234 2966 2241 3014 j,
2264 2942 2267 3007 ξ

497 3023 609 3073 fides
627 3021 837 3072 omnium
853 3038 948 3071 non
963 3021 1202 3072 convenit.
1271 3023 1426 3072 Potest
1449 3033 1608 3072 tamen
1625 3021 1791 3078 teneri,
1812 3023 1941 3088 quod
1957 3034 2007 3074 et
2026 3023 2151 3073 Dio«
2227 3017 2265 3095 3⁴

495 3100 638 3148 dorus
653 3097 738 3147 lib.
759 3098 835 3147 IV
858 3097 938 3147 sub
963 3096 1020 3154 f.‚
1040 3096 1122 3163 quei
1140 3096 1344 3146 elaffieus
1367 3097 1428 3146 de
1442 3098 1598 3163 Eryce
1610 3098 1742 3147 locus
1756 3100 1838 3155 est,
1870 3098 2048 3166 prodit,
2065 3115 2152 3150 no·
2235 3099 2263 3165 “3

497 3176 569 3224 vis
587 3176 747 3224 saltem
764 3173 1012 3223 decoribus
1030 3172 1261 3237 templum
1276 3172 1336 3221 ab
1354 3173 1502 3221 AEnea
1520 3172 1647 3222 fuiss‘e
1665 3185 1882 3224 ornatum
1900 3192 1918 3232 ς,
1951 3186 2001 3225 et
2031 3176 2156 3226 inter
2232 3174 2238 3179 “

499 3249 853 3300 manifestiffima
868 3250 1031 3300 AEneae
1051 3247 1102 3296 in
1134 3246 1344 3303 Siciliam
1365 3247 1594 3298 adventus
1624 3246 1802 3300 indicia
1824 3266 1854 3298 a
1879 3250 2077 3318 Dionys.
2106 3251 2157 3309 1,

502 3343 528 3393 5
539 3344 563 3391 3
589 3336 875 3376 memoratur
896 3331 970 3377 τῆς
987 3323 1194 3373 Αἰνειάδος
1217 3323 1474 3388 Ἀφςοδίτνις
1495 3326 1515 3372 ὃ
1542 3325 1703 3384 βωμὸς,
1718 3325 1918 3381 Veneris
1932 3325 2155 3382 Εὓθὸἇὶὃ
2254 3366 2266 3401 3,

500 3419 582 3452 ara.
619 3401 670 3450 in
706 3400 864 3464 Eryce
904 3409 1080 3449 monte.
1119 3433 1123 3437 -
1149 3399 1295 3462 Qud
1329 3415 1442 3448 vero
1477 3397 1681 3456 mireris,
1713 3416 1809 3451 non
1829 3401 2041 3460 defuere,
2065 3409 2156 3470 qui
2226 3405 2255 3472 J

502 3479 699 3529 AEneam
717 3473 922 3526 Veneris
950 3473 1169 3538 Erycinae,
1186 3473 1365 3539 fignum
1382 3474 1538 3524 secum
1560 3474 1806 3540 asportasse
1835 3475 2159 3530 combisw-
2221 3477 2226 3482 '
2251 3475 2265 3534 ἒς

504 3551 762 3622 καὶαι-,3ηῇ
785 3566 898 3600 vera
915 3549 1036 3607 sunt,
1060 3565 1163 3617 quae
1179 3547 1366 3607 Solinus
1382 3548 1526 3601 habet
1536 3566 1580 3619 c.
1602 3567 1652 3609 2,
1667 3568 1721 3618 p.
1738 3565 1798 3617 13
1817 3551 1876 3605 E.
1907 3569 2017 3620 agr·
2031 3552 2151 3601 Lau·-

557 3674 558 3677 ,
2041 3632 2162 3680 renti
