2372 4030
330 287 463 355 DE
506 268 818 357 CARM.
853 286 1142 360 EPICO
1197 251 1548 371 v1RG1L.
1663 322 1837 378 mxv

196 465 569 534 varietatem
590 470 985 558 morumque
1001 467 1430 541 diverfitatem
1453 478 1598 566 plus
1623 478 1838 551 delec-

198 580 460 647 tationis
491 576 713 657 afferre
730 610 753 656 3
791 596 856 647 at
915 579 1294 674 sapientiam
1350 589 1474 655 viri
1527 595 1839 666 miremur

196 694 424 763 saltem
445 694 516 760 in
562 692 711 770 hoc,
759 694 941 784 quod
972 711 1149 763 tanto
1180 702 1387 790 magis
1420 704 1584 771 inter
1610 731 1838 780 omnes

197 830 367 876 unus
399 809 633 876 AEneas
664 809 930 901 infignis
961 812 1198 878 virtute
1231 816 1497 895 eminet,
1549 844 1669 886 nec
1698 825 1840 914 ejus

194 920 519 1014 splendori
552 922 905 1013 quisquam
939 924 1127 1003 aliuS‚
1178 927 1298 992 nifi
1350 931 1609 999 Turnus
1641 933 1839 1016 forte,

197 1039 473 1107 officit*.
527 1042 699 1128 Qae
725 1063 822 1105 res
850 1055 1031 1105 tanto
1058 1040 1386 1111 difficilior
1416 1064 1573 1126 erat,
1606 1074 1756 1125 cum
1780 1054 1837 1120 is

197 1178 315 1221 nec
346 1153 647 1220 Achillea
680 1155 896 1245 aliqua
927 1158 1215 1245 corporis
1249 1160 1583 1251 animique
1606 1167 1839 1232 virtute

197 1290 424 1339 omnes
449 1268 750 1333 mortales
776 1268 1135 1347 antecellat,
1182 1293 1323 1346 nec,
1371 1274 1678 1363 quorsum
1710 1277 1841 1343 im-

197 1384 408 1451 manis
441 1383 686 1450 efferati
746 1385 954 1450 animi
993 1386 1321 1482 iracundia
1377 1405 1484 1454 aut
1544 1406 1839 1480 acceptus

175 1496 476 1598 *Patrocli
517 1495 739 1564 funere
794 1497 978 1564 dolor
1009 1516 1353 1591 erupturus
1386 1500 1485 1581 fit,
1538 1502 1846 1572 sollicitos-

9 1603 11 1606 ’
120 1618 121 1621 ’
196 1633 319 1676 nos
351 1626 586 1679 teneat,

292 1840 558 1916 XVIII.
610 1841 713 1906 De
743 1839 927 1907 versu
959 1841 1222 1931 Virgilii
1254 1844 1439 1932 epico
1464 1842 1727 1934 ejusque
1757 1846 1841 1912 ad

191 1981 418 2026 [aurem
450 1955 759 2023 suavitate
808 1980 899 2022 ac‘
924 1959 1237 2046 gravitate
1280 1960 1589 2025 nonnulla
1619 1958 1842 2051 dispu-

92 2148 98 2151 ,
196 2087 330 2139 tare
351 2070 631 2162 juvaret,
680 2068 800 2136 nifi
837 2069 1158 2159 majorem
1190 2068 1609 2137 subtilitatem
1639 2096 1709 2138 ea
1739 2096 1838 2139 res

195 2184 483 2262 haberet,
529 2209 734 2276 quam
756 2201 829 2252 ut
860 2186 1221 2276 legentium
1251 2185 1513 2251 animos·
1533 2202 1596 2250 et
1617 2186 1838 2252 oculos

197 2318 410 2368 tenere
426 2300 642 2391 poffit.
739 2299 914 2367 Illud
937 2323 1144 2367 unum
1169 2300 1610 2376 monebimuS,
1647 2300 1717 2364 in
1738 2322 1840 2366 er·-

197 2441 416 2494 rorem
434 2418 739 2486 inducere
762 2419 1125 2509 juvenilem
1150 2419 1449 2484 animum
1471 2418 1678 2485 videri
1699 2441 1836 2494 eOS,

164 2627 175 2632 ἱ
199 2532 321 2623 qui
341 2533 532 2599 nimii
563 2533 630 2598 in
664 2557 741 2598 eo
761 2531 929 2613 sunt,
963 2550 1035 2601 ut
1068 2534 1146 2600 ad
1171 2558 1388 2600 rerum
1416 2531 1605 2598 sonos
1637 2548 1698 2597 et
1724 2555 1841 2598 na-

198 2664 376 2718 tutas
429 2650 954 2720 accommodatos
1008 2668 1072 2718 et
1121 2650 1434 2718 formatos
1473 2648 1675 2716 velint
1719 2643 1839 2712 esse

199 2748 449 2843 versus,
539 2764 875 2856 Equidem
924 2790 1059 2833 non
1107 2765 1386 2834 diffiteor
1436 2754 1687 2830 sensum
1733 2781 1841 2826 me

200 2883 407 2953 &mimi
426 2879 857 2973 refragantem
872 2881 1132 2963 habere,
1161 2879 1670 2974 quotiescunque
1694 2897 1842 2964 per-

201 2990 464 3065 suadere
493 2999 660 3065 mihi
682 3001 861 3078 vo10,
914 3024 1229 3092 magnum
1252 2999 1544 3087 aliquem
1566 2988 1841 3082 poetam

202 3108 363 3176 aestu
391 3111 718 3180 tantarum
747 3138 966 3182 rerum
990 3116 1329 3206 abreptum
1358 3126 1421 3177 et
1451 3101 1842 3196 magnorum

203 3221 736 3315 phantasmatum
765 3230 833 3298 vi
855 3222 1337 3297 inflammatum
1354 3226 1422 3292 in
1441 3221 1595 3290 sono
1620 3211 1842 3289 cursus

661 3425 694 3486 3
725 3420 841 3483 Vid·
876 3421 937 3475 ad
956 3420 1042 3476 lib.
1064 3420 1167 3478 vn
1187 3432 1387 3487 prooem·

756 3508 766 3511 i
1534 3528 1844 3632 equestris
