2294 4030
479 343 592 423 ih
904 305 1731 405 EXcURsUs1x'

471 509 581 558 ritas
597 503 743 574 culpssae
761 516 807 555 et
827 505 1015 573 piaculo
1036 518 1133 565 erat
1154 506 1388 573 obligata;
1420 505 1515 571 jam
1536 507 1668 559 bellis
1688 500 1906 560 civilibus
1926 513 2135 578 expiatus

473 582 615 632 Remi
636 581 819 648 sanguis
835 582 1095 639 videbatur,
1117 593 1171 631 ut
1190 600 1234 635 v.
1255 597 1299 631 c.
1325 581 1493 630 Horat.
1514 583 1666 648 Epod.
1688 600 1741 650 7,
1767 602 1844 652 ¹7·
1876 584 1879 589 ’
1906 585 2064 652 Itaque
2077 605 2132 637 ea

471 660 621 724 poe'tae
641 672 798 709 mens:
835 658 1118 723 Temporum
1150 657 1443 720 antiquorum
1472 657 1782 723 integritaiiem
1817 672 1865 708 et
1884 662 2130 726 puritatem

472 731 533 780 iri
555 732 825 791 restitutum,
857 730 1002 797 qualis
1037 730 1119 781 illa
1157 729 1315 787 fuerit,
1347 741 1591 795 antequam
1621 731 1845 782 fraternus
1868 739 2053 802 sanguis
2086 745 2134 785 in

470 819 633 859 terram
676 809 850 872 defluxit
880 805 1170 872 primumque
1203 804 1320 852 illud
1356 803 1658 867 parricidium
1701 806 1796 856 suit
1826 810 2130 862 commissum.

472 878 651 930 Pacatis
670 880 833 929 iterum
857 878 1022 929 animis
1041 889 1087 925 et
1120 878 1319 926 fraterna
1341 877 1589 926 concordia
1630 880 1816 946 pristina
1838 899 1933 932 rem
1957 882 2131 932 Roma-

469 971 577 1007 nam
601 956 831 1007 moderari
850 967 895 1003 et
913 953 1031 1002 tueri
1053 953 1176 1018 quast
1200 952 1476 1001 videbuntur
1499 953 1669 1004 Remus
1684 971 1739 1005 ac
1769 957 2008 1009 Romulus.
2055 959 2135 1009 De

470 1030 684 1095 Agrippa
705 1047 809 1078 cum
832 1028 989 1078 Servio
1007 1039 1054 1076 et
1075 1027 1178 1075 aliis
1198 1026 1396 1091 cogitari
1419 1043 1511 1075 non
1531 1028 1672 1092 pofl‘e,
1703 1029 1821 1079 1·er
1842 1030 2129 1081 Burmannus

469 1105 666 1154 monuit.
732 1105 875 1171 Qod
897 1119 1002 1151 vero
1024 1108 1176 1168 poetae
1209 1102 1414 1150 animum
1442 1104 1503 1151 ad
1531 1103 1611 1151 has
1634 1119 1782 1153 rerum
1805 1104 2028 1172 imagines
2047 1108 2130 1157 de-

467 1180 676 1238 duceret,
707 1192 759 1228 ut
777 1182 939 1237 Fidem,
972 1190 1019 1227 et
1039 1179 1220 1242 Vestam,
1252 1193 1360 1225 cum
1385 1177 1510 1226 Remo
1530 1195 1583 1226 ac
1607 1180 1778 1229 Romulo
1798 1197 2127 1232 commemora-

467 1271 556 1315 ret,
589 1258 718 1306 fuiffe
739 1257 938 1321 suspicor
961 1256 1098 1304 etiam
1122 1254 1230 1310 hoc,
1263 1253 1410 1319 quod,
1446 1266 1495 1302 ut
1533 1271 1589 1302 ex
1624 1257 1944 1323 topographiis
1966 1256 2131 1318 Romae

465 1333 586 1382 disci
608 1334 766 1398 potest,
799 1332 849 1379 in
874 1329 1082 1378 Palatino
1116 1340 1290 1385 monte,
1309 1327 1529 1391 adeoque
1549 1329 1954 1382 circa-Palatinam
1974 1332 2128 1382 Caesa-

467 1410 528 1461 ris
570 1410 782 1466 domum,
815 1408 982 1471 templa
1026 1403 1177 1461 Fidei,
1217 1403 1378 1459 Vestae,
1412 1420 1466 1451 ac
1509 1404 1700 1454 Romuli
1737 1407 1962 1473 Remique
1982 1422 2127 1462 erant.

464 1482 696 1546 Majorem
719 1482 863 1548 igitur
884 1482 979 1529 haec
1000 1480 1154 1529 omnia
1175 1478 1443 1526 suavitatem
1459 1478 1624 1528 habere
1645 1481 1858 1540 debuere,
1891 1483 1924 1531 fi
1950 1483 2122 1532 Roma·

465 1572 551 1604 nus
571 1573 625 1604 ea
646 1557 834 1621 legeret,
858 1555 938 1620 qui
957 1554 1037 1603 illa
1060 1553 1230 1619 templa
1249 1563 1355 1600 ante
1377 1553 1575 1620 Augusti
1592 1553 1785 1604 domum
1803 1557 1948 1622 pofita
1965 1557 2125 1606 memi-

463 1629 610 1680 niffet.
677 1630 798 1677 Mox
820 1649 863 1678 v.
883 1646 994 1695 293.
1019 1643 1115 1693 294
1138 1625 1303 1674 Bellum
1325 1626 1402 1675 hic
1425 1627 1661 1690 personam
1681 1629 1759 1679 dei
1780 1630 1974 1680 induere
1992 1644 2124 1697 puto,

464 1707 655 1756 Diversa
681 1707 797 1759 Belli
816 1724 840 1754 a
855 1706 1043 1753 Bellona
1064 1717 1108 1752 et
1132 1702 1286 1750 Marte
1309 1703 1515 1766 persona.
1580 1705 1724 1769 Apud
1749 1705 1872 1756 Plin.
1896 1707 2126 1764 XXXV,

465 1785 547 1848 36,
587 1786 645 1834 16
679 1781 865 1847 Apelles
897 1779 1012 1829 Belli
1030 1785 1251 1844 imczginem
1289 1779 1480 1839 restriffis
1501 1778 1567 1826 ad
1591 1792 1715 1846 terga
1735 1780 1929 1830 manibus
1949 1781 2127 1849 pinxit,

463 1858 712 1907 Alexandro
732 1867 778 1906 in
800 1877 924 1905 curru
943 1856 1248 1920 triumphante.
1316 1851 1432 1903 Eam
1464 1860 1572 1903 cuni
1610 1855 1751 1905 altera
1772 1857 1928 1905 tabula
1946 1849 2126 1923 Apellis

462 1933 695 1997 Augustus
717 1930 767 1978 in
796 1930 904 1978 Fori
930 1931 1002 1978 sui
1021 1928 1220 1994 partibus
1243 1927 1548 1976 celeberrimis
1570 1929 1817 1981 dicaverat.
1882 1931 1952 1979 Ut
1975 1944 2126 1983 tamen

458 2007 686 2072 piciuram
698 2002 1047 2065 hachirgilius
1057 2001 1134 2049 hic
1150 2014 1256 2050 ante
1267 2001 1428 2051 oculos
1439 2000 1634 2050 habuisse
1642 2003 1792 2052 videri
1802 2003 1980 2061 debeat,
1995 2006 2122 2069 quod

452 2084 553 2146 jam
578 2081 630 2129 in
651 2076 873 2128 Servianis
897 2073 1142 2138 suspicatus
1160 2072 1343 2138 aliquis,
1379 2074 1544 2122 neccffe
1567 2087 1660 2119 non
1680 2077 1760 2123 est.
1841 2077 1991 2127 Notio
2022 2079 2123 2132 haee

458 2157 709 2205 admodum
731 2151 872 2201 obvia
889 2162 936 2198 et
955 2148 1231 2203 communis,
1266 2158 1317 2194 ut
1339 2145 1655 2204 Discordiam,
1677 2147 1874 2206 Bellum,
1898 2150 2120 2214 Martem,

458 2234 653 2286 vinctos,
686 2226 890 2292 religatis
902 2227 999 2292 post
1021 2237 1220 2294 tergum,
1243 2220 1450 2271 manibus
1472 2220 1730 2284 cogitemus
1748 2243 1762 2280 ;
1802 2223 2014 2289 inprimis
2047 2227 2121 2276 in.

457 2320 528 2357 ter
569 2323 665 2361 eos,
698 2303 780 2370 qui
822 2300 1106 2365 triumphum
1140 2297 1238 2364 agi,
1286 2296 1337 2345 in
1378 2311 1522 2362 eoque
1559 2296 1704 2344 hostes
1734 2310 1910 2363 captos,
1959 2302 2122 2354 vinctis.

454 2384 553 2455 post
586 2392 764 2447 tergum
797 2376 1008 2424 manibus
1034 2373 1146 2422 duci
1188 2372 1414 2422 viderant.
1482 2370 1706 2419 Occurrit
1747 2389 1930 2438 quoque
1972 2374 2120 2426 fimile

456 2469 772 2523 argumentum
796 2452 846 2503 in
869 2450 977 2502 artis
997 2449 1157 2513 priscae
1179 2446 1411 2512 operibus·
1501 2444 1612 2493 Erat
1646 2445 1820 2512 Spartae
1855 2461 1981 2498 vetus
2021 2450 2112 2516 fig.

455 2552 570 2588 num
611 2530 780 2581 Martis
836 2527 1027 2576 vinculo
1086 2524 1316 2590 impediti.
1369 2521 1558 2572 Pausan.
1595 2522 1688 2581 III,
1753 2541 1771 2572 1
1782 2541 1828 2590 ς.
1887 2542 1936 2591 p.
2006 2543 2119 2595 245-

455 2611 679 2660 Nostrum
703 2618 806 2658 ante
835 2603 980 2653 oculis
1002 2602 1163 2650 habuit
1195 2600 1420 2665 Calpurn.
1444 2598 1491 2654 Ι,
1529 2601 1594 2663 46
1613 2598 1672 2648 de
1693 2599 1980 2650 Numeriano
2013 2601 2118 2653 Cae.

453 2686 578 2740 sare:
625 2681 747 2733 dabit
779 2686 908 2743 impia
930 2683 1101 2726 vinHar
1138 2678 1231 2741 Post
1251 2688 1415 2740 tergum
1437 2672 1615 2722 Bellona
1653 2693 1822 2732 manus,
1848 2677 2119 2744 spoliataque

452 2763 548 2819 telis
565 2761 598 2808 I
594 2781 624 2808 n
626 2763 716 2822 sua
735 2759 908 2820 vesanos
929 2753 1131 2819 torquebit
1149 2756 1316 2815 viscera
1335 2751 1505 2812 morsus,
1538 2750 1616 2806 Et,
1649 2751 1760 2798 modo
1779 2770 1875 2816 quae
1895 2765 1975 2801 toto
1996 2760 2117 2802 ‘civi-

453 2839 522 2894 lm
543 2834 701 2900 dfiulit
718 2830 833 2886 orbe,
855 2829 999 2878 Secum
1015 2825 1129 2875 bella
1144 2838 1281 2892 geret.
1335 2823 1490 2886 Hujus
1503 2836 1631 2887 porta
1651 2826 1769 2880 dira,
1796 2825 1907 2888 quia
1921 2827 1999 2876 dei
2020 2825 2114 2875 diri

450 2925 498 2962 et
521 2904 835 2960 abominandi,
869 2901 1099 2953 clauditur
1103 2906 1231 2966 ferro
1250 2912 1292 2946 et
1312 2898 1572 2968 compagibus
1592 2907 1702 2952 artis
1723 2898 1759 2947 s.
1777 2899 1973 2951 vinculis
1996 2901 2046 2950 h.
2066 2899 2114 2953 e.

450 2987 631 3043 foribus
667 2980 867 3039 ferratis,
935 2976 1085 3030 Hom.
1109 2967 1233 3040 Ιδόξειε
1255 2973 1423 3023 πυκιναὶ
1453 2984 1499 3021 et
1520 2979 1693 3023 πυκινῶς
1711 2978 1928 3040 ἆςαξυῒαι.
1995 2977 2119 3041 Janae'

449 3062 667 3129 amplum,
700 3055 827 3122 quod
847 3054 999 3120 Janus
1013 3042 1243 3116 Qirinics,
1270 3051 1342 3099 vel
1364 3049 1514 3119 Janus
1523 3051 1723 3117 Qirini,
1757 3052 1830 3115 vel
1851 3053 2003 3116 Jonas
2031 3073 2113 3123 ge.

449 3145 584 3187 minus
598 3133 870 3201 appellatur,
903 3126 1123 3192 respicere
1142 3135 1328 3191 putatur
1349 3137 1396 3173 et
1418 3125 1549 3174 reste.
1615 3124 1728 3175 AEn·⁸
1743 3124 1862 3182 VII,
1883 3127 1978 3195 607
1996 3129 2113 3178 Sunt

439 3220 626 3287 geminae
640 3208 758 3260 Belli
759 3218 918 3274 portic,
935 3206 1007 3269 stc
1023 3210 1184 3252 nomine
1201 3203 1359 3254 dicunt.
1441 3201 1623 3251 Centum
1640 3208 1749 3252 «επεὶ
1758 3201 1935 3255 cludunt
1951 3211 2115 3264 waes,

445 3304 689 3355 aeternaque
687 3291 813 3353 ferri
826 3281 1012 3338 Robora,
1027 3298 1101 3329 uec
1115 3283 1237 3345 custos
1251 3277 1407 3343 abfistit
1421 3277 1565 3326 limine
1581 3279 1746 3341 Janus.
1779 3279 1862 3329 ubi
1878 3279 1977 3335 vid.
1987 3280 2111 3335 Not.

449 3363 682 3416 Plutarch.
703 3358 906 3409 deFort.
922 3356 1069 3407 Rom.
1083 3371 1133 3421 p.
1156 3368 1248 3418 322
1269 3352 1325 3404 Β.
1345 3352 1542 3405 ἐκλείσθη
1561 3354 1598 3402 δ’
1621 3355 1779 3404 ἔντεότο
1805 3354 1912 3422 (sub
1930 3356 2110 3420 Numa)

444 3439 526 3499 'agai
547 3442 596 3489 τὸ
614 3446 670 3488 τᾶ
691 3439 806 3489 ’Idm
821 3432 1216 3491 &lm-monimum
1234 3431 1365 3482 πύλην
1385 3436 1566 3490 καλέσι,
1577 3441 1630 3479 ut
1650 3430 2113 3496 oefieijyhudeae

440 3514 587 3571 vertit
620 3527 715 3567 non
747 3511 903 3582 τύχηι.
967 3506 1065 3563 Pax
1098 3503 1306 3560 occludit
1326 3503 1504 3572 ¹Janum
1538 3519 1616 3576 ap.
1639 3503 1823 3562 Lucan.
1835 3503 1889 3565 Ι,
1915 3509 2001 3557 61.
2023 3505 2109 3563 62.

635 3602 692 3647 ⁴*
1541 3616 1543 3618 -
1731 3589 1736 3597 '
1824 3622 1826 3624 ψ
1927 3581 2110 3638 Conna

2288 532 2294 580 -.
2290 495 2294 523 ,Α
2285 461 2294 482 ,4
2292 411 2294 414 .
2288 336 2294 388 ...ha
2283 0 2294 326 fflmAaaaeu¹l.-ss-.fi
