2372 4030
677 275 1442 399 PRAEFATIOg
1778 313 1889 366 xr-

225 450 999 554 nota‘aliquacommode
1018 461 1478 553 comprehendi
1500 463 1728 557 postet,
1761 467 1880 537 secl⁴

225 577 296 646 in
321 573 824 666 disputationem
855 574 1075 666 paullo
1093 576 1464 667 longiorem
1481 598 1868 661 excurreret,

224 687 525 781 praestare
554 688 798 778 putavi,
855 703 927 753 ut
975 690 1046 754 in
1078 691 1400 777 Excursus
1450 693 1872 783 poststngulos

225 803 415 870 libros
437 802 701 891 iaefirtos
719 802 874 867 talia
905 801 1254 892 rejicerem.

319 1033 490 1118 Qae
515 1027 679 1096 mihi
704 1027 1035 1121 propofita
1066 1027 1328 1107 fuerint,
1362 1032 1642 1122 ingenue
1666 1055 1870 1126 expo-

226 1140 361 1211 sui}⁴
446 1143 721 1210 Nollem
768 1165 875 1207 me
929 1158 1063 1208 tam
1129 1145 1324 1233 longe
1380 1144 1584 1211 abeffe
1635 1147 1714 1212 ab
1764 1172 1866 1226 e0‚

225 1256 407 1348 quod
429 1254 736 1347 sequutus
771 1254 936 1320 sum.
1037 1257 1158 1321 Sed
1208 1256 1375 1323 mihi
1406 1256 1553 1323 fatis
1586 1258 1699 1338 est,
1755 1284 1872 1325 ex·-

218 1369 522 1460 emplum
567 1370 809 1459 poetici
838 1370 1047 1435 cultus
1082 1385 1477 1462 ornatusque
1510 1371 1875 1442 declarandi

224 1484 632 1576 omninoque
668 1491 880 1574 po'e'tae
944 1486 1405 1575 interpretandi
1451 1487 1870 1579 proposuisse,

116 1620 118 1625 ‘
225 1600 407 1692 quod
438 1623 558 1665 nec
589 1600 810 1665 minus
859 1598 938 1664 ad
970 1605 1335 1688 poetarum,
1368 1601 1566 1667 etiam
1600 1605 1873 1670 recenti-

225 1736 437 1788 orum,
459 1715 815 1779 lectionem
843 1713 961 1778 rite
1018 1713 1474 1780 instituendam
1520 1716 1871 1786 utilitatem

224 1825 459 1894 habere
480 1827 697 1919 poffit.
794 1828 927 1892 Scr.
958 1827 1026 1892 in
1065 1827 1236 1892 alma
1269 1829 1553 1918 Georgia
1578 1832 1873 1926 Augusta

228 1939 297 2008 d.
330 1963 491 2009 xx11
522 1941 774 2033 Aprilis
811 1941 1348 2008 cIoIochxxr.

797 2149 1299 2187 “mmm“

313 2298 488 2384 ‘Qae
521 2294 590 2361 in
620 2316 791 2360 nova
839 2291 962 2357 hac
991 2293 1276 2359 editione
1305 2294 1692 2377 accefferint,
1726 2322 1877 2366 am-

228 2405 465 2473 bitioso
494 2405 757 2472 recensu
787 2428 1214 2472 annumerare
1243 2407 1348 2473 vel
1379 2410 1741 2499 appendere
1764 2415 1870 2479 ni-

227 2519 325 2588 hil
347 2520 597 2586 attinetb
695 2518 951 2584 Sufficit
1002 2544 1209 2610 sauca
1255 2546 1557 2590 movere:
1598 2526 1772 2592 Cum
1799 2529 1869 2594 in

223 2634 441 2725 priore
487 2633 772 2700 editione
816 2634 1012 2702 verba
1055 2633 1439 2703 recenfionis
1470 2639 1872 2706 Burmanni-

227 2767 368 2812 anae
392 2746 678 2836 exprimi
708 2745 1046 2823 curassem,
1081 2746 1149 2812 in
1207 2748 1445 2839 quibus
1499 2747 1611 2814 etfi
1664 2753 1871 2817 multa

227 2859 377 2954 casu
400 2875 475 2927 ac
496 2861 789 2928 socordia
808 2887 1156 2953 operarum
1199 2879 1470 2943 mutata,
1505 2864 1770 2930 nonulla
1799 2889 1870 2930 e-

223 2973 792 3064 tiam-depravata,
841 2976 1423 3067 deprehendebam,
1478 2994 1694 3043 tamen
1747 2979 1870 3043 ali-

230 3087 396 3180 quid
451 3113 687 3158 novare
739 3092 1043 3159 nolebam
1065 3121 1084 3159 :
1142 3115 1315 3160 nunc
1360 3093 1876 3161 emendatiorem·

227 3203 589 3273 lectionem
618 3207 688 3271 in
722 3207 947 3274 multis
978 3209 1137 3275 locis
1174 3207 1442 3276 exhibui
1463 3241 1488 3286 5
1517 3208 1584 3274 id
1605 3233 1870 3301 quoque

231 3319 474 3398 curavi,
487 3336 569 3387 ut·
587 3320 1056 3415 orthographia
1080 3324 1274 3392 semel
1299 3339 1549 3414 recepta
1574 3323 1690 3390 fibi
1713 3348 1871 3391 con-

229 3429 416 3506 staret
431 3465 456 3512 3
489 3453 895 3531 quamquam
922 3446 1000 3504 ea
1024 3434 1111 3505 *in
1141 3461 1210 3505 re
1262 3434 1587 3506 summam
1617 3434 1871 3508 subtilia

245 3559 337 3603 ἰκί
1074 3567 1114 3638 3
1632 3612 1635 3616 ,
1667 3563 1865 3620 tatem
