2294 4030
465 335 608 400 302¹
905 280 1517 390 E-asseunsus
1574 311 1674 375 lx

464 481 770 540 habebantur,
801 491 851 531 et
864 459 1099 547 ⁴quomodo
1128 482 1189 531 ad
1210 481 1403 532 AEneam
1433 481 1710 548 potiffimum
1744 480 1979 530 Penatium
2013 493 2135 529 cura-

464 558 711 624 fpeetabat.
778 558 932 607 Po'etae
965 557 1070 606 fatis
1091 569 1207 614 erat,
1242 557 1464 617 Hectoris
1481 557 1653 621 umbrae
1678 556 1858 605 monitu
1878 556 1932 604 id
1952 555 2126 604 fastum

466 633 720 684 declarare.
785 630 858 680 Eo
889 634 1014 691 loce,
1047 650 1140 697 quo
1160 632 1219 681 de
1233 633 1380 682 AEnea
1400 634 1461 695 gro}
1497 631 1728 696 ἷςοροόμὲναι
1747 630 1974 680 afli-‚rimus
1996 613 2126 693 (Dis-

469 708 591 772 quis.
612 707 662 756 II
692 708 751 757 de
784 722 873 756 rer.
892 707 990 756 inv.
1014 706 1051 757 s.
1072 707 1163 758 VI.
1197 707 1386 757 Excuts.
1410 704 1563 756 XVII
1579 707 1645 756 ad
1664 707 1749 756 lib.
1769 705 1839 755 II.
1869 704 2060 754 Excurs.
2097 701 2125 751 1

470 781 533 830 ad
554 782 641 832 lib.
663 783 738 831 III
753 794 798 831 et
813 784 915 844 aL),
928 782 1060 848 plura
1079 782 1194 831 olim
1215 783 1301 832 effe
1321 794 1675 832 commemorata
1686 779 1938 848 apparebit,
1959 778 2128 844 quibus

471 861 613 922 po'eta
633 857 826 906 infistere
847 868 893 904 et
917 874 1030 913 rem,
1064 869 1298 922 tamquam
1319 858 1551 923 vulgatam
1570 857 1696 915 satis,
1726 855 1868 905 tacite
1893 853 2021 918 sequi
2032 868 2123 918 po-

469 941 605 982 terat.
673 934 783 991 Sed,
817 932 944 997 quod
977 932 1187 998 inprimis
1218 934 1316 997 ejus
1349 935 1554 982 animum
1591 932 1823 998 impellere
1857 928 2031 996 potuit,
2060 929 2125 979 est

469 1008 593 1057 forte
614 1009 721 1065 hoc,
756 1009 884 1073 quod
907 1008 1096 1056 AEneam
1117 1009 1373 1060 sacerdotio
1394 1010 1599 1058 funftum
1634 1007 1887 1066 tradiderat
1921 1004 2125 1070 antiqui-

470 1094 556 1134 taS.
622 1084 762 1132 Certe
779 1100 836 1131 ex
863 1083 1032 1147 Diftye
1053 1083 1147 1141 IV,
1177 1102 1230 1150 17
1269 1085 1505 1143 discimus,
1538 1084 1745 1150 Apollinis
1746 1088 1883 1147 sacra
1904 1093 2127 1144 eumprae-

470 1165 583 1220 cipae
601 1159 683 1206 effe
699 1157 906 1216 tuitum3
940 1170 1006 1215 et,
1040 1157 1282 1207 secundum
1305 1160 1614 1209 Menecratem
1646 1157 1905 1207 Xanthium
1942 1173 1969 1203 a
2003 1155 2127 1204 Dio-

434 1232 436 1234 ’
471 1232 573 1294 nys.
598 1232 756 1281 Halic.
778 1233 822 1290 Ι,
858 1236 920 1295 48
954 1233 1224 1291 excitatum,
1264 1235 1430 1283 AEneas
1465 1236 1525 1283 ad
1559 1233 1858 1284 defectionem
1891 1248 1918 1279 a
1941 1229 2129 1279 Priamo

472 1305 564 1354 hoc
586 1307 684 1371 ipso
708 1319 804 1355 erat
826 1309 1062 1366 adductus,
1095 1310 1219 1372 quod
1240 1315 1471 1373 sacerdotii
1485 1314 1694 1378 dignitate
1724 1310 1783 1358 ab
1802 1325 1860 1357 eo
1879 1306 2024 1356 fuerat
2043 1322 2126 1355 ex-

472 1378 641 1437 clusus,
672 1382 822 1429 ἄτιτος
841 1385 907 1430 ἐὼν
929 1382 1005 1430 ὑπὸ
1024 1382 1306 1447 Ἀλεξάνδςε,
1338 1384 1413 1433 καὶ
1433 1388 1518 1434 ἀπὸ
1540 1389 1677 1449 γερέων
1708 1385 1815 1448 ἶεξέὗν
1847 1384 2130 1445 ἐξειργόμενος.

476 1450 665 1501 Fundus
688 1454 754 1502 rei
773 1453 909 1503 Iliad.
944 1479 979 1511 v,
1014 1458 1102 1518 461
1143 1457 1226 1504 aisa*
1245 1462 1330 1521 «γάρ
1361 1464 1536 1525 Πριάμῳ
1555 1461 1740 1525 ἐπεμήνιε
1761 1459 1848 1523 δίῳ,
1890 1456 2028 1504 Οὕνεχ’
2057 1456 2131 1519 ἄρ’

477 1527 627 1577 Ξσὲλόν
661 1533 780 1579 ἐόντα
800 1531 897 1589 μετ’
926 1530 1123 1594 &Senio-tv
1150 1534 1236 1582 οὔτι
1260 1536 1430 1583 τίεσκεν.
1495 1536 1722 1584 Caeterum
1756 1534 1897 1598 vulgo
1939 1531 1990 1578 in
2023 1545 2132 1578 arce

479 1602 665 1651 Penates
685 1604 850 1653 servati
867 1616 1133 1664 narrantur3
1183 1607 1246 1655 cf.
1273 1608 1469 1673 Dionys.
1494 1608 1652 1659 Halic.
1672 1610 1717 1667 Ι,
1739 1612 1821 1673 46.
1845 1607 1908 1670 69
1927 1617 1974 1653 et
1995 1607 2054 1653 al.
2077 1614 2128 1652 et

476 1678 567 1725 hoc
584 1695 640 1725 ex
664 1692 879 1744 perpetuo
900 1692 1100 1727 veterum
1131 1681 1371 1731 civitatum
1406 1701 1530 1733 more
1567 1683 1634 1731 ita
1666 1683 1711 1732 se
1744 1681 1910 1730 habere
1943 1678 2127 1728 debuit.

481 1754 594 1803 Hoc
616 1768 767 1805 tamen
788 1757 913 1822 sequi
941 1763 1078 1822 po'eta
1100 1775 1192 1807 non
1227 1760 1397 1824 potuit,
1431 1760 1513 1825 qui
1535 1760 1690 1808 AEneae
1725 1760 1915 1807 domum
1935 1757 2002 1813 „in
2036 1755 2131 1803 alia

482 1829 609 1878 urbis
643 1843 768 1896 parte
804 1833 929 1879 fitam
962 1833 1044 1880 effe
1082 1833 1247 1891 voluit,
1279 1836 1399 1883 unde
1443 1851 1552 1883 mox
1591 1835 1649 1882 ad
1670 1851 1820 1883 arcem
1857 1840 2131 1881 accurreret·

480 1906 728 1970 Apponam
757 1907 993 1954 Hellanici
1029 1908 1199 1964 Lesbii,
1231 1911 1505 1959 vetustiflimi
1541 1910 1791 1977 scriptoriS,
1822 1906 2128 1958 narrationem

479 1981 602 2044 apud
645 1980 840 2044 Dionys.
884 1980 1044 2029 Halic.
1079 1982 1122 2037 Ι,
1165 1984 1244 2046 46.
1271 2001 1351 2050 47.
1416 1984 1547 2032 Urbe
1575 1996 1726 2048 capta,
1757 1984 1941 2049 inquit,
1962 1979 2145 2028 AEneas

481 2070 587 2102 curn
606 2054 694 2103 suis
719 2056 965 2112 Dardaniis
998 2057 1041 2104 se
1064 2060 1234 2122 recepit
1268 2060 1317 2107 in
1339 2076 1487 2107 arcem
1526 2059 1814 2125 Pergamum,
1846 2064 1881 2108 ἐν
1903 2060 1928 2125 ᾗ
1948 2056 2022 2104 καὶ
2042 2055 2129 2118 ἱεραὶ

482 2122 543 2167 τοὶ
565 2133 741 2186 πατρῷα
763 2127 845 2169 τοῖς
866 2122 1018 2191 Τρωσῖν
1041 2126 1103 2179 ἦν,
1136 2140 1323 2188 eamque
1352 2125 1578 2173 defendit.
1643 2126 1768 2173 Cum
1790 2139 1940 2173 tamen
1955 2122 2131 2170 videret

477 2196 674 2246 hostium
695 2198 916 2263 impetum
947 2199 1028 2247 diu
1054 2201 1255 2248 sustineri
1276 2218 1366 2249 non
1402 2202 1542 2267 posse,
1570 2202 1810 2250 hominum
1842 2215 2032 2266 corpora
2052 2195 2132 2246 καὶ

478 2275 540 2331 τὰ
559 2275 643 2336 ἱεροὶ
666 2274 726 2321 τοὶ
749 2280 927 2337 «πατρῷα
948 2287 993 2321 et
1014 2290 1120 2339 opes
1149 2275 1320 2324 servare
1341 2276 1484 2323 studet
1502 2295 1517 2333 3
1565 2288 1685 2332 tum,
1718 2275 1898 2323 infirma
1920 2275 2133 2324 multitu-

477 2351 588 2398 dine
609 2349 847 2416 praemiffa,
882 2350 977 2414 ipse
998 2367 1102 2398 cum
1119 2352 1364 2415 juvenibus
1384 2351 1432 2398 in
1451 2352 1548 2399 Idae
1570 2351 1818 2400 munitiora
1837 2352 1939 2399 loca
1962 2350 2127 2400 disces.
2194 2383 2198 2388 ·
2227 2339 2248 2391 7³-

481 2425 555 2482 fit,
589 2427 782 2484 ἀγόμενος
816 2423 885 2473 ἐπὶ
910 2430 1006 2479 ταῖς
1027 2429 1208 2490 συνωρίσι
1241 2431 1308 2476 τόν
1339 2448 1385 2475 τε
1407 2431 1576 2490 *πατέρα
1598 2426 1672 2475 καὶ
1690 2427 1766 2476 ‘reis
1787 2426 1898 2476 θεοὺς
1915 2428 2131 2491 warpei&-

479 2500 598 2548 Inde
613 2500 812 2548 induciis
836 2518 939 2548 cum
963 2492 1160 2550 hostibus
1179 2503 1306 2550 faffls
1325 2503 1536 2561 disceffit,
1567 2506 1829 2567 παραλαβὼν
1861 2505 1927 2552 τὸν
1960 2507 2144 2566 πωτέρω
2182 2499 2184 2502 ’
2240 2491 2262 2532 ’ἕ

479 2565 555 2616 καὶ
577 2568 637 2614 τοὶ
667 2566 732 2616 ἕδη
755 2572 833 2614 τῶν
855 2567 950 2615 θεῶν
974 2569 1020 2614 h.
1045 2585 1085 2616 e.
1109 2569 1357 2616 fimulaera.
1425 2567 1486 2616 Et
1522 2585 1635 2634 agro
1668 2569 1896 2618 Laurente
1928 2579 2064 2633 capto
2082 2585 2130 2626 c,

478 2658 507 2706 5
516 2660 560 2706 5.
579 2641 614 2688 f.
638 2639 719 2688 alii
736 2639 785 2687 in
807 2642 959 2689 locum
976 2641 1201 2693 indistum
1229 2643 1411 2693 Penates
1453 2647 1531 2706 (τοὶ
1555 2646 1620 2696 ἕδη
1643 2651 1720 2694 τῶν
1738 2643 1855 2706 θεῶν)
1892 2660 1919 2691 e
1937 2642 2130 2692 navibus

478 2716 689 2774 efferunt,
723 2716 804 2764 alii
823 2734 932 2764 vero
963 2717 1086 2766 bases
1127 2718 1316 2782 (βάθεα)
1352 2732 1398 2768 et
1419 2737 1516 2769 aras
1535 2721 1640 2786 ipfis
1673 2721 1888 2777 statuunt,
1920 2718 2132 2772 mulieres

478 2805 628 2840 autem
666 2809 769 2839 cum
795 2793 967 2840 ululatu
988 2806 1034 2841 et
1056 2796 1373 2850 choreissacra
1394 2797 1744 2862 prosequuntur,
1773 2811 1820 2844 et
1847 2813 1893 2846 c.
1915 2813 1977 2863 57
2002 2788 2164 2862 {Besa-5„
2241 2794 2266 2861 ’,ἦ

479 2878 556 2905 ται
580 2859 639 2906 τὰ
662 2859 726 2909 ἕδη
752 2864 828 2906 τῶν
846 2858 943 2907 θεῶν
965 2864 999 2908 ἓν
1018 2866 1077 2925 τῷ
1098 2864 1297 2927 κξατίςῳ.

548 2933 694 2983 Fuisse
715 2946 864 2982 autem
887 2935 1072 2984 Penates
1091 2937 1329 2986 fimulacra
1361 2937 1570 3011 deorum,
1603 2950 1650 2989 et
1686 2939 1901 3004 quidem,
1927 2953 2035 2986 cum
2069 2937 2146 2992 ab·
2179 2994 2181 2996 ¹

481 3010 627 3058 AEnea
655 3011 827 3076 portari
849 3012 1038 3075 poffent,
1071 3013 1244 3077 lignea,
1275 3013 1509 3078 formaque
1541 3014 1733 3062 deorum
1754 3014 1909 3069 solita,
1923 3029 1994 3071 ‚ex
2012 3012 2134 3068 locis

483 3086 611 3151 seqq.
638 3102 849 3151 apparere
872 3085 1051 3136 videtur
1072 3105 1084 3136 :
1120 3087 1194 3134 III
1215 3087 1322 3137 AEn.
1353 3093 1440 3151 148
1463 3090 1634 3155 Effigies
1649 3093 1797 3152 sacrae
1815 3090 1968 3138 divum
1986 3086 2131 3153 Phry-

478 3169 622 3229 giique
643 3164 843 3218 Penates,
875 3162 988 3225 Quos
1009 3181 1162 3210 mecum
1182 3183 1213 3210 a
1235 3162 1368 3228 ‘Trqja
1390 3164 1605 3228 meditsque
1621 3183 1674 3212 ex
1694 3161 1860 3230 ignibus
1891 3161 2006 3211 urbis
2034 3162 2132 3214 Exv

485 3237 683 3294 tuleram,
715 3239 807 3302 tofi
824 3249 921 3285 ante
941 3236 1069 3286 oculos
1099 3239 1264 3303 afflare
1268 3241 1472 3303 jacentis,
1503 3249 1551 3286 et
1569 3254 1616 3286 v.
1644 3255 1730 3305 173
1748 3257 1886 3287 coram
1903 3241 2153 3304 cognoscem·x

481 3314 634 3362 vultus
655 3315 930 3380 Velatasque
959 3331 1112 3363 comas
1131 3314 1456 3381 praesentiaque
1480 3331 1563 3363 ora
1598 3317 1801 3367 videbar.
1867 3314 2050 3363 Servius
2068 3312 2131 3365 ad
2240 3343 2248 3346 ·>
2264 3348 2266 3351 ⁴

483 3386 578 3445 ΙΙΙ,
617 3394 704 3455 148
729 3391 823 3438 haec
846 3389 1011 3440 habet:
1047 3399 1083 3422 ‘⁶
1102 3391 1239 3439 Varro
1258 3390 1358 3438 sane
1374 3391 1531 3439 Rerum
1549 3393 1847 3442 Humanarum
1850 3391 2034 3456 secundo
2043 3387 2146 3456 aitg.
2167 3440 2169 3442 ,

484 3462 716 3513 “AEneam
737 3465 845 3513 deos
867 3464 1054 3515 Penates
1074 3466 1123 3515 in
1139 3464 1320 3513 Italiam
1340 3464 1562 3514 reduxiffe
1590 3466 1701 3531 (hoc
1729 3478 1776 3515 et
1796 3463 2010 3516 Macrob.
2031 3462 2147 3523 Ῑ-ΙΙ,Ι
2255 3475 2263 3491 ³

486 3543 524 3567 “
545 3555 580 3604 4
600 3538 820 3607 repetit),·
837 3540 1045 3608 quaedam
1068 3540 1224 3613 lignea
1253 3540 1331 3590 vel
1356 3539 1538 3613 lapidea
1557 3540 1725 3616 figilla,
1755 3540 1879 3608 quod
1899 3537 2145 3603 evicit-nmen

1857 3621 1894 3647 “
1916 3611 2135 3681 exprimit„
2174 3626 2177 3629 ’
2247 3602 2289 3684 „i
