2372 4030
613 331 1123 407 AENEIDos,
1161 334 1360 400 LIB.
1419 339 1469 400 1.
1753 360 1835 428 79

206 497 492 578 Namque
517 497 778 570 videbat,
806 499 896 558 uti
923 499 1205 560 bellantes
1233 499 1518 582 Pergama
1544 505 1774 566 circum
1826 551 1829 554 -

211 612 350 672 Hac
380 609 650 691 fugerent
678 607 868 682 Graii,
894 628 1191 690 premeret
1218 613 1472 696 Trojana
1490 617 1770 698 juventus

213 727 352 788 Hac
381 725 680 805 Phryges;
722 723 958 784 instaret
989 747 1162 786 curru
1191 728 1457 790 cristatus
1492 731 1777 794 Achilles.

211 844 342 905 Nec
370 843 580 925 procul
609 843 749 902 hinc
773 842 950 903 Rhefi
978 847 1164 905 niveis
1192 849 1442 907 tentoria
1472 851 1617 911 velis

207 964 545 1046 Adgnoscit
572 963 913 1034 lacrimans;
939 968 1141 1046 primo
1168 990 1305 1049 quae
1332 972 1567 1050 prodita
1590 975 1798 1035 somno

212 1082 476 1164 Tydides
506 1083 695 1142 multa
721 1083 975 1142 vastabat
1004 1085 1168 1145 caede
1194 1104 1497 1158 cruentus;
1717 1111 1833 1172 471

264 1262 358 1315 467.
392 1265 487 1303 Grai
513 1261 680 1302 Mentel.
793 1261 884 1310 468.
915 1262 965 1301 Ac
996 1263 1180 1303 nonnulli
1199 1277 1261 1318 ap.
1285 1266 1425 1308 Burm.
1535 1270 1628 1323 469.
1656 1273 1752 1311 baud
1774 1271 1841 1312 vel

211 1344 276 1368 non
288 1338 331 1382 p.
362 1327 473 1367 Gud.
525 1328 621 1364 baud
649 1325 771 1365 etiam
804 1325 1011 1366 Montalb.
1043 1336 1083 1366 et
1113 1337 1209 1370 tert.
1243 1331 1434 1371 Rottend.
1464 1347 1537 1386 pro
1564 1338 1672 1374 niveis
1704 1339 1838 1375 Graev.

196 1394 368 1446 juvenis3
395 1389 548 1430 librarii
566 1401 712 1429 errore.
826 1400 919 1439 470.
946 1393 1110 1444 adgnofiit
1140 1393 1330 1445 scriptum
1357 1409 1449 1435 cum
1481 1398 1636 1439 Medic.
1668 1409 1708 1439 et
1733 1400 1842 1443 Gud.

212 1455 279 1496 hic
298 1464 339 1495 et
358 1455 411 1495 al.
434 1463 480 1495 ut
494 1453 566 1494 inf.
588 1453 684 1504 438,
701 1454 971 1495 consentiente
990 1457 1089 1495 adeo
1110 1458 1304 1497 Vaticano
1319 1459 1462 1513 fragm.
1518 1468 1661 1517 agnovit
1682 1465 1845 1504 Zulich.

210 1522 323 1560 dedita
332 1522 452 1572 meno
471 1518 634 1558 Zulich.
656 1518 812 1557 frustra.
834 1532 928 1558 nam
947 1520 1105 1573 proprie
1125 1522 1275 1573 poetis:
1299 1527 1403 1575 prodi
1407 1528 1540 1577 sbmno,
1566 1537 1606 1568 et
1626 1528 1675 1568 cf.
1697 1530 1840 1572 Heins.

206 1743 351 1794 πολλὰ
369 1742 588 1803 στενάζων.
656 1742 874 1790 Habuiffe
909 1760 987 1790 au-

206 1821 301 1857 tem
325 1808 443 1854 inter
463 1807 653 1854 Graecos
674 1807 853 1854 videtur
875 1814 987 1871 poe-

208 1886 274 1928 ta,
308 1888 419 1937 quos
455 1873 502 1919 in
536 1873 623 1920 hoc
654 1871 757 1918 loco
788 1870 985 1934 sequere-

207 1950 298 1988 tur.
400 1936 538 2000 Apud
603 1936 792 1983 Aristot.
862 1938 985 1984 enim

208 2004 340 2051 Poet.
363 2018 407 2049 c.
451 2017 526 2072 1⁸3,
559 2000 618 2047 al.
661 2003 735 2056 16,
768 2000 801 2047 l.
830 2016 906 2065 15,
940 2017 989 2073 3,

205 2068 327 2117 inter
353 2079 356 2081 ’
379 2066 664 2128 agnitionum
715 2080 879 2127 genera
937 2081 988 2111 1n

206 2129 431 2195 tragoedia
452 2127 588 2175 etiam
623 2128 683 2174 est
715 2144 771 2174 ex
810 2128 990 2175 Dicaeo-

207 2196 337 2262 genis
370 2192 562 2256 Tragici
587 2194 783 2255 ’Κυπρίοις
814 2193 988 2255 (fabula

206 2273 302 2309 erat
323 2260 358 2307 οἶ
379 2260 568 2320 Κύπριοι,
591 2275 616 2304 a
638 2257 776 2304 choro
798 2256 986 2319 inscrip-

207 2328 273 2386 ta)
300 2322 479 2389 aliquis,
514 2322 593 2386 qui
621 2322 706 2370 ἰδὼν
729 2324 799 2372 τὴν
831 2323 987 2385 γραφὴν

209 2386 554 2441 ἔκλαυσεν-ὅθεν
571 2388 855 2449 ἀνεγνωρίσθη.

274 2455 546 2518 466-468.
582 2451 786 2515 Respicit
819 2454 985 2518 potiffi·

210 2536 335 2569 mum
388 2533 588 2582 pugnam
645 2518 856 2565 Patroclo
912 2535 990 2566 oc-

208 2583 306 2632 ciso
348 2582 530 2635 faciam,
564 2597 668 2628 cum
711 2581 858 2628 versus
894 2584 989 2630 cas-

207 2661 279 2696 tra
312 2646 517 2710 fugerent
553 2645 726 2693 Achivi
761 2645 992 2710 insequen-

207 2712 331 2763 tibus
352 2709 566 2773 Trojanis
593 2722 638 2757 et
657 2709 846 2757 instante
864 2711 988 2759 Hec-

205 2787 324 2833 tore,
357 2773 492 2823 Iliad.
533 2796 573 2837 ρ,
622 2790 715 2838 quo
754 2774 874 2823 facto
911 2775 989 2823 dic

207 2838 412 2904 sequenti
439 2839 639 2887 Achilles
661 2838 790 2887 novis
811 2856 839 2886 a
861 2838 985 2887 The-

209 2905 306 2954 tide
341 2903 534 2968 acceptis
569 2901 705 2950 armis
747 2903 901 2966 prodit
940 2914 987 2951 et

207 2968 439 3030 Trojanos
512 2968 660 3031 fugat,
739 2968 983 3015 Hectorem

209 3033 384 3080 occidit
420 3030 555 3079 Iliad.
593 3053 637 3079 τ.
706 3032 828 3079 Cum
871 3033 984 3080 adeo

209 3095 385 3144 Rhesus
439 3112 547 3143 mox
612 3096 837 3159 sequatur,
899 3112 982 3143 no-

206 3161 335 3210 luiss‘e
376 3164 513 3222 poeta
553 3171 811 3224 temporum
857 3159 984 3208 ordi-

207 3241 314 3273 nem
335 3223 504 3270 servare
523 3224 739 3272 dicendus
754 3226 828 3274 est.
863 3226 985 3271 Cum

207 3306 255 3339 v.
294 3289 386 3352 467
421 3287 536 3334 bene
571 3301 830 3352 comparant
849 3288 985 3336 Iliad.

208 3356 256 3413 ξ,
282 3370 341 3416 14
367 3353 448 3400 Τὲς
470 3356 542 3411 μὲν
561 3357 801 3414 ’ὀρινομέν8ς,
837 3354 912 3401 τὰς
945 3353 986 3401 δὲ

206 3422 440 3469 κλονέοντας
457 3415 625 3468 ὄπισθεν
640 3429 686 3467 et
705 3416 842 3468 Iliad.
865 3440 903 3472 ο,
938 3434 984 3481 7.

207 3483 266 3533 In
286 3487 471 3544 erssatus
489 3500 535 3530 v.
574 3483 667 3546 468
692 3482 869 3531 Servius
891 3480 984 3529 vim

205 3545 406 3615 quaerit3
449 3562 555 3597 nam
597 3546 839 3597 secundum
882 3545 985 3596 Ho-

122 1616 123 1620 ,
210 1602 212 1604 >
321 1597 347 1633 4
354 1596 414 1635 71.
448 1585 492 1624 V
484 1584 615 1639 ‘ssavi‘
632 1582 732 1624 alter
751 1583 898 1626 Hamb.
954 1588 1099 1624 cruentis
1118 1585 1218 1625 alter
1241 1587 1347 1627 Gud-

1069 1762 1241 1794 merum
1277 1747 1325 1795 in
1360 1750 1554 1799 Achillis
1586 1754 1726 1802 cristis
1752 1766 1842 1804 ter-

1068 1809 1205 1858 ribile
1256 1813 1503 1875 quiddam3
1538 1817 1664 1865 fuiss'e
1704 1819 1842 1869 Iliad.

1071 1895 1114 1930 τ,
1152 1882 1258 1936 380.
1325 1877 1497 1927 Verum
1539 1881 1587 1928 id
1627 1883 1845 1945 quidem;

1068 1938 1162 1994 sed,
1197 1952 1246 1987 ut
1284 1942 1341 1988 ab
1385 1946 1552 1992 caeteris
1593 1948 1744 2004 armis,
1777 1948 1843 1995 ita

1069 2019 1096 2048 a
1135 2004 1261 2066 galea
1295 2018 1339 2052 et
1374 2006 1503 2056 crista
1540 2009 1651 2074 saepe
1685 2023 1843 2074 petunt

1067 2067 1264 2131 epitheta
1282 2075 1444 2134 poetae.
1490 2073 1566 2121 Sic
1588 2074 1841 2138 κορυθαίολος

1057 2135 1234 2195 ιἝκτωρ.

1133 2198 1352 2263 469-47
1360 2215 1403 2260 3.
1441 2199 1513 2247 De
1536 2201 1685 2251 Rheso
1706 2205 1844 2254 Iliad.

1066 2285 1111 2317 κ,
1145 2278 1235 2324 433
1261 2263 1354 2326 sqq.
1390 2280 1485 2329 470
1506 2265 1599 2331 sqq.
1663 2279 1842 2318 tentoria

1057 2331 1335 2388 primosomno
1347 2332 1527 2390 prodita,
1559 2331 1607 2378 h.
1629 2349 1671 2380 e.
1694 2334 1844 2382 Thra-

1065 2406 1137 2436 ces
1158 2390 1206 2436 in
1225 2393 1427 2439 tentoriis
1445 2394 1672 2444 cubantes.
1738 2397 1841 2446 Pul-

1069 2455 1176 2502 chre
1215 2468 1364 2502 autem
1407 2457 1563 2505 somno
1621 2461 1839 2510 tributum

1069 2520 1118 2565 τὸ
1152 2521 1342 2582 prodere,
1374 2522 1496 2583 quod
1526 2540 1604 2586 per
1637 2524 1841 2573 somnum

1068 2583 1254 2631 factum.
1319 2586 1551 2634 Diomedem
1582 2587 1670 2636 fine
1690 2589 1845 2652 Ulyffe

1070 2647 1322 2704 nominare,
1354 2649 1543 2697 liberum
1559 2664 1654 2699 erat
1709 2659 1843 2705 oetae.

1069 2716 1206 2759 niveis
1241 2720 1416 2760 tentoria
1462 2715 1585 2762 velis.
1702 2733 1726 2763 e
1771 2718 1845 2766 his

1068 2775 1163 2824 vid.
1208 2775 1393 2823 Excurs.
1429 2778 1487 2824 ad
1522 2779 1567 2827 h.
1602 2780 1635 2827 1.
1703 2780 1842 2830 Dixit

1064 2856 1117 2887 ea
1150 2845 1288 2903 po'eta
1322 2841 1495 2888 deserto
1526 2843 1681 2905 priscae
1700 2846 1842 2894 aetatis

1067 2918 1216 2950 more:
1271 2915 1398 2951 erant
1452 2905 1572 2952 enim
1634 2909 1842 2956 Achivo-

1068 2985 1167 3015 rum
1220 2978 1266 3013 et
1326 2968 1626 3032 Trojanorum
1679 2977 1842 3022 κλισίαι

1064 3031 1215 3095 potius
1258 3033 1455 3094 tuguria,
1508 3034 1727 3097 stipitibus
1766 3040 1839 3086 vi-

1064 3095 1342 3157 minibusque
1362 3098 1630 3152 intertextis,
1651 3112 1694 3146 et
1710 3112 1840 3149 terrae

1063 3175 1223 3223 aggere
1257 3161 1447 3209 munita.
1509 3165 1694 3210 ardentes
1726 3185 1747 3211 e
1772 3186 1841 3214 uos

1062 3239 1183 3270 acres
1220 3222 1370 3279 dixit3
1404 3225 1435 3272 fi
1473 3226 1684 3288 loquendi
1710 3245 1737 3275 u
1763 3247 1843 3278 um

1062 3286 1233 3335 audias.
1299 3287 1349 3333 Si
1371 3289 1429 3336 de
1447 3289 1599 3336 colore
1619 3292 1837 3356 accipias,

1065 3350 1189 3413 quod
1231 3351 1395 3399 durum
1434 3353 1518 3399 effe
1558 3364 1696 3417 puto;
1745 3373 1840 3404 non

1062 3416 1279 3463 candentes
1298 3432 1403 3462 cum
1426 3415 1600 3472 Servio,
1623 3418 1843 3485 sedfulvt‘

1063 3477 1228 3527 αἴθωνες
1254 3479 1385 3526 effent
1411 3483 1615 3529 ardentes.
1677 3494 1723 3528 at
1749 3484 1839 3532 hoc

1064 3553 1283 3612 repugnat
1303 3542 1510 3607 Homero
1540 3556 1587 3594 et
1607 3545 1839 3609 Euripidi.

1671 3626 1718 3660 Vc
1741 3624 1839 3663 var·
