2294 4030
450 367 571 425 314
809 344 1447 407 EXCURSUS
1514 343 1699 407 XVH

450 511 592 558 multa
616 527 667 559 ac
688 509 816 558 varia
836 527 864 558 a
882 504 1108 560 veteribus
1126 522 1255 558 erant
1276 522 1647 567 commemorata,
1681 511 1796 560 locis
1819 513 1956 560 etiam
1985 510 2090 558 Hm

450 585 565 632 meri
578 585 628 633 in
641 604 713 635 eas
728 599 873 651 partes
889 586 1063 643 tractis,
1085 586 1142 634 de
1158 587 1324 650 quibus
1344 586 1526 652 copiose
1540 586 1768 653 disputare
1780 587 1896 636 nihil
1910 588 2090 644 attinet.¹

449 659 713 708 Occurrunt
734 660 814 707 illa
835 660 959 725 apud
997 659 1191 723 Dionys.
1227 659 1388 719 Halie.
1431 659 1580 720 Strab.
1616 652 1849 723 Dielyem,
1872 660 2011 708 Auct-
2031 660 2091 706 de

449 733 589 798 Orig.
615 736 682 798 G,
708 737 844 784 Rom.
863 747 865 750 ⁴
881 748 928 784 et
949 735 1160 783 Servium
1180 733 1383 799 aliosque
1404 735 1588 800 paffim;
1625 735 1702 783 sed
1738 736 1886 800 prima
1919 736 2091 799 iniqua:

448 807 581 870 hujus
602 809 736 858 famae
761 809 930 857 semina
950 808 1143 874 sparsisse
1174 808 1357 857 videtur
1379 810 1612 857 Homerus
1635 809 1772 858 Iliad.
1811 832 1854 868 v,
1889 813 1978 860 180
2000 810 2089 873 sq.,

449 884 569 940 unde
590 882 803 946 suspicari
825 883 952 942 licet,
987 883 1179 930 AEneam
1204 881 1262 928 de
1282 898 1424 948 regno
1445 883 1653 947 Trojano
1675 886 1943 948 occupando
1965 885 2091 940 clan-

447 954 618 1003 destina
635 956 817 1009 confilia
834 954 977 1004 iniiffe
1001 970 1013 1000 :
1035 971 1147 1018 quos
1165 953 1313 1002 versus
1330 956 1457 1020 quod
1469 956 1583 1004 olim
1604 955 1916 1017 Grammatici
1932 959 2090 1018 tollere

448 1029 709 1086 voluerunt,
753 1030 813 1076 ad
836 1028 951 1075 hanc
975 1028 1116 1092 ipsam
1150 1029 1498 1077 controversiam
1527 1029 1758 1095 pertinet:
1798 1043 1844 1078 et
1877 1030 2013 1079 Iliad.
2051 1055 2089 1095 v,

449 1120 544 1169 459
564 1104 661 1168 sqq.
687 1105 744 1151 de
760 1103 953 1152 occultis
971 1103 1090 1151 odiis
1104 1102 1222 1150 inter
1245 1103 1436 1165 AEneam
1457 1115 1503 1152 et
1526 1105 1773 1159 Priamum.
1841 1105 1995 1156 Po‘etae
2010 1124 2088 1154 ne-

450 1178 635 1229 ceffario
659 1178 750 1225 fuit
772 1178 936 1226 melior
957 1177 1016 1224 de
1037 1177 1195 1224 AEneae
1216 1177 1305 1224 fide
1326 1178 1448 1226 fama
1470 1178 1751 1251 sequenda,
1737 1197 1786 1228 ιιι
1807 1198 1896 1245 qua
1911 1194 1957 1228 et
1975 1182 2091 1246 alios

449 1251 612 1300 habuit
630 1252 972 1308 consentientes,
1016 1251 1202 1314 inque
1169 1251 1225 1298 iis
1248 1251 1546 1300 Hellanicum
1563 1253 1775 1312 Lesbium
1792 1270 1866 1319 ap.
1891 1254 2088 1331 Dionys.

446 1326 477 1373 l.
499 1342 540 1374 c.
564 1327 608 1382 I,
632 1345 711 1392 47.
779 1326 920 1374 Fuere
941 1324 1063 1382 enim
1086 1325 1219 1380 adeo,
1216 1324 1323 1389 qui
1342 1328 1531 1376 cauffam
1555 1328 1710 1374 AEneae
1730 1328 1914 1393 operose
1933 1306 2089 1377 defen-

445 1401 620 1458 derent,
665 1414 744 1448 aut
764 1418 868 1448 eum
890 1398 1067 1448 excidii
1087 1385 1290 1464 tempore
1301 1399 1370 1446 ab
1406 1401 1522 1461 urbe
1552 1401 1740 1450 abfuiffe
1770 1403 2088 1460 comminisce-

445 1487 615 1532 rentur‚
636 1487 685 1522 ut
699 1475 874 1525 scilieet
895 1485 1024 1520 tanto
1047 1473 1227 1520 facilius
1243 1489 1269 1520 a
1291 1473 1485 1521 crimine
1505 1474 1763 1535 liberarent.

510 1552 591 1598 Ad
621 1550 856 1615 poeticum
879 1560 1030 1602 tamen
1063 1560 1271 1601 ornatum
1293 1547 1522 1612 animique
1541 1550 1750 1598 affeftum
1781 1549 2086 1617 dulciflimurn

445 1637 756 1689 comparatum
770 1625 829 1670 est
853 1621 1065 1688 inprimis
1084 1622 1218 1679 illud,
1261 1622 1385 1686 quod
1409 1638 1489 1686 per
1506 1623 1675 1671 medias
1696 1622 1901 1672 flammas
1922 1624 2087 1674 AEneas

442 1712 613 1763 patrem
651 1697 847 1748 humeris
888 1692 1139 1760 susceptum
1180 1712 1287 1743 cum
1316 1694 1406 1742 diis
1438 1695 1597 1760 patriis
1627 1696 1738 1756 urbe
1775 1709 1909 1763 capta
1941 1700 2087 1764 effert.

443 1765 604 1836 Itaque
627 1772 675 1833 in
698 1789 795 1820 earn
828 1787 921 1819 rem
944 1770 1154 1818 certatim
1190 1774 1337 1834 po‘etae
1368 1769 1644 1826 involarunt,
1681 1787 1868 1835 eamque
1891 1772 2084 1822 mirifica

442 1847 658 1898 varietate
675 1856 968 1893 exornarunt.
1037 1844 1125 1891 Sed
1149 1844 1251 1891 loca
1271 1843 1329 1889 ad
1353 1843 1682 1906 observandum
1706 1861 1831 1908 aeque
1861 1857 1998 1910 atque
2026 1847 2086 1912 ad

442 1920 794 1984 intelligendum
816 1918 954 1965 obvia
977 1918 1096 1967 sunt.
1163 1917 1236 1964 Ex
1281 1916 1615 1980 antiquioribus
1655 1917 1898 1984 Sophoclis
1931 1920 2086 1970 locum

442 2012 499 2042 ex
522 1996 781 2042 Laocoonte
798 1995 892 2055 jam
910 1992 1039 2056 supra
1059 1992 1258 2041 vidimus
1279 2006 1291 2037 ε
1338 1992 1455 2039 adde
1478 1991 1710 2058 Lycophr.
1741 1996 1864 2059 1264
1886 1997 1984 2061 sqq.

506 2069 562 2115 In
599 2068 926 2132 Disquifitione
943 2071 1079 2130 super
1102 2072 1351 2114 inventionis
1370 2066 1492 2114 laude
1526 2087 1662 2117 rerum
1682 2076 1727 2118 in
1758 2071 1950 2120 AEneide
1969 2086 2086 2121 trac-

440 2157 629 2192 tatarum
694 2142 727 2191 s.
793 2141 884 2189 III.
973 2140 1277 2188 Homericum
1331 2141 1484 2188 locum
1527 2140 1696 2189 famam
1756 2143 1955 2209 aliquam
2011 2163 2087 2208 ac-

442 2228 619 2279 ceptam
657 2216 714 2262 de
753 2230 892 2279 regno
927 2214 975 2276 in
1009 2214 1195 2261 Troade
1229 2213 1418 2261 condito
1456 2214 1697 2279 prodidisse
1739 2217 1977 2268 vidimus:
2032 2237 2086 2271 ea

441 2289 596 2349 relicta
635 2289 715 2336 alii
760 2305 949 2352 regnum
993 2289 1148 2351 AEneae
1188 2287 1237 2334 in
1287 2287 1450 2352 Epiro,
1492 2288 1541 2338 in
1587 2289 1850 2340 Phthiotide
1893 2284 2084 2347 Theffa'.

441 2364 533 2419 liae,
593 2366 673 2411 alii
719 2363 767 2410 in
821 2363 957 2410 Italia
1001 2362 1345 2426 constituerunt.
1437 2364 1694 2414 Tradufius
1740 2367 1884 2429 honos
1925 2372 1985 2419 est
2025 2356 2085 2422 ab

440 2439 542 2502 aliis
564 2445 608 2502 in
623 2443 863 2503 progeniem
885 2439 1051 2486 AEneae
1068 2456 1084 2501 ,ᾗ
1121 2454 1226 2485 nam
1250 2439 1473 2503 Ascanium
1501 2454 1609 2487 cum
1633 2440 1936 2495 Scamandrio
1957 2437 2086 2496 Hed-

442 2514 554 2577 toris
586 2515 621 2561 f.
653 2514 826 2578 Scepfii
870 2513 992 2578 apud
1030 2512 1072 2560 se
1119 2513 1322 2577 regnasse
1358 2513 1718 2578 contendebant,
1771 2527 1821 2564 ut
1857 2534 1915 2565 ex
1954 2507 2084 2570 Stra-

440 2588 562 2640 bone
593 2590 736 2643 XIII,
759 2607 807 2654 p.
835 2589 928 2651 607
965 2587 1199 2653 discimus.
1266 2587 1333 2632 At
1367 2587 1562 2634 eandem
1597 2588 1798 2652 gloriam
1828 2592 1887 2640 ad
1917 2595 1960 2644 se
1994 2608 2086 2644 tra-

436 2665 610 2714 hebant
656 2666 886 2730 Phryges,
942 2664 1022 2728 qui
1070 2680 1237 2729 agrum
1288 2662 1648 2729 Dascyliticum,
1702 2665 1751 2712 in
1807 2685 1901 2732 quo
1955 2671 2081 2721 lacus

439 2741 665 2789 Ascanius
688 2743 767 2798 est,
800 2741 1100 2801 incolebant;
1135 2738 1321 2801 aiebant
1353 2735 1477 2785 enim
1512 2738 1579 2787 illi
1615 2738 1865 2791 Ascanium
1903 2748 2085 2796 arcelli-

439 2823 540 2863 tum
576 2815 700 2879 apud
742 2815 785 2862 se
829 2815 1052 2879 regnasse,
1088 2830 1287 2879 eumque
1317 2813 1474 2878 paullo
1503 2799 1601 2879 post
1640 2816 1991 2869 Scamandrium
2036 2834 2083 2872 et

439 2902 629 2950 caeteros
654 2889 949 2954 Hefloridas,
982 2888 1065 2962 qui
1103 2904 1132 2935 a
1171 2887 1490 2953 Neoptolemo
1534 2905 1561 2951 e
1603 2889 1792 2939 Graecia
1828 2892 1988 2943 dimiffi
2021 2898 2081 2963 ad

439 2964 587 3028 ipsum
624 2950 947 3034 confugerant,
981 2965 1030 3014 in
1066 2962 1268 3030 patriam
1304 2962 1457 3011 sedem
1499 2963 1853 3039 Trojanumque
1887 2986 2082 3035 regnum

438 3038 697 3104 reduxiffe3
731 3041 797 3088 ita
849 3057 909 3088 ex
947 3039 1194 3098 Hellanico
1237 3037 1485 3101 Dionyfius
1529 3039 1575 3093 Ι,
1609 3056 1695 3108 47,
1748 3042 1866 3091 unde
1904 3046 2081 3109 petiisse

437 3101 665 3179 pntandus
709 3101 937 3180 Pompon.
981 3113 1089 3165 Sab.
1137 3112 1198 3160 ad
1238 3111 1350 3174 AEn.
1395 3112 1606 3182 111,17.
1685 3114 1799 3164 Non
1829 3116 2080 3176 admodum

437 3188 615 3236 diverse
639 3200 824 3238 narrata
864 3189 963 3235 haee
1004 3186 1162 3251 videas
1207 3201 1286 3258 ap.
1320 3185 1510 3236 Conon
1542 3199 1714 3251 narrat.
1757 3189 1838 3252 46,
1873 3191 1954 3256 qui
1991 3194 2080 3242 AE..

435 3279 568 3310 neam
593 3263 659 3326 ait
684 3275 820 3325 capta
858 3261 1009 3324 Troja
1046 3261 1253 3309 secefliss'e
1285 3259 1334 3307 in
1362 3259 1532 3316 Idam3
1566 3278 1670 3310 cum
1710 3279 1823 3312 vero
1861 3266 2080 3318 Scaman-

435 3337 562 3384 drius
603 3349 651 3384 et
699 3335 916 3400 Oxynius
957 3335 1130 3384 Priami
1171 3334 1253 3383 filii
1297 3345 1323 3382 e
1365 3323 1537 3398 Lydia,
1572 3353 1665 3400 quo
1702 3337 1841 3386 emissi
1877 3339 2079 3398 fuerant,

431 3401 661 3478 rediissent
699 3423 746 3458 et
790 3410 946 3459 omnia
988 3411 1115 3459 circa
1150 3410 1292 3459 Ilium
1329 3409 1435 3457 loca
1469 3410 1550 3458 fibi
1581 3411 1891 3469 vindicarent,
1921 3418 2078 3465 Vene-

432 3486 495 3554 ris
512 3485 629 3554 jufl'u
668 3501 774 3554 ειιιιι
813 3484 1059 3556 discefiifl‘e.
1125 3485 1195 3539 Ut
1240 3497 1397 3554 tamen
1437 3483 1566 3556 idern
1605 3487 1772 3558 Conon
1809 3505 1932 3542 narr.
1956 3474 2077 3563 XLI

1906 3577 2076 3638 narrat*
