2372 4172
482 422 562 471 ¹01
931 398 1668 479 PRAEFATIO.

474 580 688 652 ‚ulcere
742 577 833 644 in«
863 578 1074 646 verbis
1123 582 1365 649 latente
1411 598 1474 649 et
1527 586 1595 650 in
1644 585 1909 654 *medela
1937 587 2127 662 inve-

470 691 709 759 nienda
771 691 1006 757 miram
1057 691 1464 784 sagacitatem
1512 673 1879 775 adhibeant,
1932 725 2127 793 argu-

471 805 678 871 menti
709 819 924 870 tamen
959 809 1409 875 trae'tationem
1432 811 1859 902 locorumque
1886 813 2126 886 diffici-

469 920 712 985 liorum
770 919 1114 993 sententias
1176 945 1408 1011 parum
1471 922 1594 1013 ipfi
1652 924 2119 1017 affequantur;

466 1034 681 1125 quid?
733 1033 913 1124 quod
973 1032 1148 1099 haud
1209 1057 1349 1100 raro
1401 1059 1480 1100 ne
1534 1033 1793 1103 suarum
1847 1038 2122 1128 quidem

463 1148 1001 1215 emendationum
1031 1166 1139 1213 aut
1168 1149 1763 1239 interpretationem
1821 1175 2122 1221 commo-

464 1265 617 1335 dam
679 1262 897 1328 afferre
957 1280 1066 1330 aut
1127 1265 1449 1329 rationem
1501 1264 1805 1333 idoneam
1859 1267 2122 1338 reddere

461 1383 751 1472 pofl'unt,

471 1662 475 1666 -
554 1614 1029 1682 Difficultatem
1056 1612 1225 1679 hane
1271 1612 1429 1682 sensi
1463 1615 1792 1705 objeetam
1826 1613 2120 1682 maxime

463 1748 630 1806 tum,
666 1754 819 1796 cum
844 1732 1142 1819 poeticam
1176 1730 1498 1795 orationem
1529 1730 1613 1795 ad
1626 1730 1903 1817 solutam
1936 1755 2117 1801 revo-

459 1874 597 1924 eare
629 1847 894 1913 vellem.
991 1846 1167 1911 Mox
1202 1860 1419 1910 tamen
1477 1845 1543 1911 in.
1588 1845 1701 1910 hoc
1753 1846 1884 1934 ipso
1913 1869 2117 1913 rerum

454 1964 756 2029 cardinem
787 1961 1035 2048 versari
1061 1959 1222 2034 vidi,
1260 1959 1306 2024 fi
1339 1961 1486 2050 quis
1514 1961 1755 2050 poetici
1802 1961 2116 2034 sermonis

454 2079 593 2144 vim
643 2093 704 2142 et
735 2093 1056 2152 naturam,
1093 2075 1373 2163 copiam,
1407 2089 1738 2149 ornatum,
1781 2075 2120 2165 percipere

453 2191 634 2270 velit,
660 2206 725 2255 ut
755 2206 898 2254 tum
931 2187 1202 2254 demum
1227 2183 1562 2276 profecisse
1585 2186 1835 2276 aliquid
1860 2186 1940 2253 ad
1963 2210 2109 2265 earn

456 2327 597 2372 rem
632 2302 744 2369 fibi
777 2301 982 2367 videri
1015 2299 1270 2372 debeat,
1293 2298 1403 2364 ubi
1437 2297 1695 2365 easdem
1731 2322 1827 2364 res
1862 2325 1936 2366 ac
1969 2300 2120 2367 sen-.

457 2417 686 2491 tentias
709 2414 1052 2501 communi
1077 2411 1365 2489 sermone
1400 2438 1724 2504 exponere
1757 2430 1818 2478 et
1849 2416 2111 2505 po‘etico.

453 2534 681 2600 habitu
712 2548 774 2597 et
829 2550 1054 2599 ornatu
1111 2531 1380 2599 nudatas
1424 2535 1794 2598 animorum
1824 2530 2116 2600 senfibus..

452 2649 759 2716 exhibere
806 2651 874 2715 in
929 2665 1193 2740 promtu
1244 2650 1433 2717 fuerit
1459 2682 1482 2730 3.
1532 2651 1620 2716 ita
1649 2650 1829 2716 enim
1861 2650 1929 2715 in
1962 2648 2108 2726 sen-

451 2764 596 2832 sum
627 2762 976 2857 oculosque
1007 2765 1355 2840 incurrere,
1400 2790 1529 2856 qua
1555 2765 1875 2841 doetrinffl
1921 2765 2109 2855 inge-

449 2881 591 2957 nio,
640 2880 971 2946 orationis<
999 2880 1093 2957 vi,
1142 2904 1180 2945 a
1232 2888 1441 2970 poeta
1485 2880 1733 2953 eaedem
1779 2894 2106 2948 exornatae

449 3012 512 3059 et
566 2995 1044 3062 commendatae
1078 2993 1218 3063 fint.
1320 2994 1476 3059 Non
1511 2992 1631 3077 nifi
1670 2995 1741 3060 in
1793 2990 2104 3084 praestan-

450 3110 725 3179 tioribus
777 3110 881 3181 vel
914 3109 1391 3176 difficilioribus
1444 3110 1627 3184 locis,
1677 3130 1797 3174 nec
1853 3104 2111 3197 semper

448 3245 574 3299 nec.
600 3224 867 3320 ubique,
890 3223 1016 3293 hoc
1039 3223 1161 3291 esse
1190 3223 1585 3303 faciendum,
1619 3247 1733 3316 per
1763 3221 1827 3294 se
1858 3221 2103 3293 intelli-

446 3350 649 3428 gitur.

1978 3616 1987 3653 s
2002 3570 2105 3654 Ut
