<?xml version="1.0" encoding="UTF-8"?>
<!DOCTYPE html PUBLIC "-//W3C//DTD XHTML 1.0 Transitional//EN"
    "http://www.w3.org/TR/xhtml1/DTD/xhtml1-transitional.dtd">
<html xmlns="http://www.w3.org/1999/xhtml" xml:lang="en" lang="en">
 <head>
  <title>
</title>
<meta http-equiv="Content-Type" content="text/html;charset=utf-8" />
  <meta name='ocr-system' content='tesseract 3.04.00' />
  <meta name='ocr-capabilities' content='ocr_page ocr_carea ocr_par ocr_line ocrx_word'/>
</head>
<body>
  <div class='ocr_page' id='page_1' title='image "./operavarietatele02virguoft/operavarietatele02virguoft_0741.png"; bbox 0 0 2294 4030; ppageno 0'>
   <div class='ocr_carea' id='block_1_1' title="bbox 616 202 1851 316">
    <p class='ocr_par' dir='ltr' id='par_1_1' title="bbox 616 202 1851 321">
     <span class='ocr_line' id='line_1_1' title="bbox 616 202 1851 316; baseline 0.002 -23"><span class='ocrx_word' id='word_1_1' title='bbox 616 202 1310 296; x_wconf 78' lang='lat' dir='ltr'><strong>AD&#39;LIBRUM</strong></span> <span class='ocrx_word' id='word_1_2' title='bbox 1377 233 1454 295; x_wconf 76' lang='lat' dir='ltr'>v.</span> <span class='ocrx_word' id='word_1_3' title='bbox 1735 235 1851 316; x_wconf 76' lang='lat'>643</span> 
     </span>
    </p>
   </div>
   <div class='ocr_carea' id='block_1_2' title="bbox 145 389 1854 1817">
    <p class='ocr_par' dir='ltr' id='par_1_2' title="bbox 145 389 1854 1817">
     <span class='ocr_line' id='line_1_2' title="bbox 203 389 1853 470; baseline 0.002 -21"><span class='ocrx_word' id='word_1_4' title='bbox 203 389 513 470; x_wconf 68' lang='lat' dir='ltr'>profugerant</span> <span class='ocrx_word' id='word_1_5' title='bbox 531 405 582 448; x_wconf 87' lang='lat' dir='ltr'>et</span> <span class='ocrx_word' id='word_1_6' title='bbox 602 408 745 470; x_wconf 84' lang='lat' dir='ltr'>vento</span> <span class='ocrx_word' id='word_1_7' title='bbox 761 399 956 450; x_wconf 82' lang='lat' dir='ltr'>secundo</span> <span class='ocrx_word' id='word_1_8' title='bbox 988 400 1052 450; x_wconf 86' lang='lat' dir='ltr'>ufi</span> <span class='ocrx_word' id='word_1_9' title='bbox 1071 400 1122 450; x_wconf 92' lang='lat' dir='ltr'>in</span> <span class='ocrx_word' id='word_1_10' title='bbox 1143 399 1352 451; x_wconf 83' lang='lat' dir='ltr'>Siciliam</span> <span class='ocrx_word' id='word_1_11' title='bbox 1370 411 1698 466; x_wconf 86' lang='lat' dir='ltr'>pervenerant.</span> <span class='ocrx_word' id='word_1_12' title='bbox 1751 399 1853 452; x_wconf 81' lang='lat' dir='ltr'>Hic</span> 
     </span>
     <span class='ocr_line' id='line_1_3' title="bbox 204 469 1851 538; baseline 0.002 -15"><span class='ocrx_word' id='word_1_13' title='bbox 204 469 333 524; x_wconf 69' lang='lat' dir='ltr'>eirea</span> <span class='ocrx_word' id='word_1_14' title='bbox 357 471 606 526; x_wconf 81' lang='lat' dir='ltr'>Crimisum</span> <span class='ocrx_word' id='word_1_15' title='bbox 623 470 691 527; x_wconf 54' lang='lat' dir='ltr'>fla,</span> <span class='ocrx_word' id='word_1_16' title='bbox 711 470 771 522; x_wconf 88' lang='lat' dir='ltr'>de</span> <span class='ocrx_word' id='word_1_17' title='bbox 793 489 889 538; x_wconf 91' lang='lat' dir='ltr'>quo</span> <span class='ocrx_word' id='word_1_18' title='bbox 906 491 999 524; x_wconf 89' lang='lat' dir='ltr'>non</span> <span class='ocrx_word' id='word_1_19' title='bbox 1016 472 1169 524; x_wconf 84' lang='lat' dir='ltr'>minus</span> <span class='ocrx_word' id='word_1_20' title='bbox 1186 475 1334 524; x_wconf 89' lang='lat' dir='ltr'>multa</span> <span class='ocrx_word' id='word_1_21' title='bbox 1352 475 1556 526; x_wconf 84' lang='lat' dir='ltr'>fabulose</span> <span class='ocrx_word' id='word_1_22' title='bbox 1578 489 1851 534; x_wconf 72' lang='lat' dir='ltr'>narrantur:</span> 
     </span>
     <span class='ocr_line' id='line_1_4' title="bbox 203 546 1853 616; baseline 0.003 -21"><span class='ocrx_word' id='word_1_23' title='bbox 203 561 255 596; x_wconf 80' lang='lat' dir='ltr'>v.</span> <span class='ocrx_word' id='word_1_24' title='bbox 277 562 355 612; x_wconf 81' lang='lat' dir='ltr'>ap.</span> <span class='ocrx_word' id='word_1_25' title='bbox 378 546 518 599; x_wconf 85' lang='lat' dir='ltr'>schol.</span> <span class='ocrx_word' id='word_1_26' title='bbox 539 547 784 612; x_wconf 87' lang='lat' dir='ltr'>Lycophr.</span> <span class='ocrx_word' id='word_1_27' title='bbox 824 565 884 615; x_wconf 82' lang='lat'>95</span> <span class='ocrx_word' id='word_1_28' title='bbox 894 567 938 614; x_wconf 87' lang='lat'>3.</span> <span class='ocrx_word' id='word_1_29' title='bbox 961 565 1080 614; x_wconf 87' lang='lat'>471,</span> <span class='ocrx_word' id='word_1_30' title='bbox 1112 549 1164 598; x_wconf 90' lang='lat' dir='ltr'>in</span> <span class='ocrx_word' id='word_1_31' title='bbox 1193 548 1466 600; x_wconf 86' lang='lat' dir='ltr'>Sicanorum</span> <span class='ocrx_word' id='word_1_32' title='bbox 1489 568 1607 616; x_wconf 88' lang='lat' dir='ltr'>agro</span> <span class='ocrx_word' id='word_1_33' title='bbox 1629 551 1853 600; x_wconf 80' lang='lat' dir='ltr'>consede-</span> 
     </span>
     <span class='ocr_line' id='line_1_5' title="bbox 200 621 1854 693; baseline 0.005 -25"><span class='ocrx_word' id='word_1_34' title='bbox 200 633 331 678; x_wconf 86' lang='lat' dir='ltr'>runt,</span> <span class='ocrx_word' id='word_1_35' title='bbox 362 634 496 690; x_wconf 88' lang='lat' dir='ltr'>parte</span> <span class='ocrx_word' id='word_1_36' title='bbox 517 621 625 687; x_wconf 87' lang='lat' dir='ltr'>agri</span> <span class='ocrx_word' id='word_1_37' title='bbox 658 621 719 671; x_wconf 88' lang='lat' dir='ltr'>ab</span> <span class='ocrx_word' id='word_1_38' title='bbox 738 621 810 672; x_wconf 80' lang='lat' dir='ltr'>his</span> <span class='ocrx_word' id='word_1_39' title='bbox 827 635 1042 690; x_wconf 85' lang='lat' dir='ltr'>accepta,</span> <span class='ocrx_word' id='word_1_40' title='bbox 1081 637 1276 693; x_wconf 88' lang='lat' dir='ltr'>propter</span> <span class='ocrx_word' id='word_1_41' title='bbox 1296 625 1477 691; x_wconf 89' lang='lat' dir='ltr'>AEgesti</span> <span class='ocrx_word' id='word_1_42' title='bbox 1503 627 1854 692; x_wconf 75' lang='lat' dir='ltr'>cognationem,</span> 
     </span>
     <span class='ocr_line' id='line_1_6' title="bbox 198 693 1852 766; baseline 0.002 -20"><span class='ocrx_word' id='word_1_43' title='bbox 198 693 354 762; x_wconf 84' lang='lat' dir='ltr'>quiin</span> <span class='ocrx_word' id='word_1_44' title='bbox 376 696 533 747; x_wconf 80' lang='lat' dir='ltr'>Sicilia</span> <span class='ocrx_word' id='word_1_45' title='bbox 548 707 682 746; x_wconf 86' lang='lat' dir='ltr'>natus</span> <span class='ocrx_word' id='word_1_46' title='bbox 706 708 755 746; x_wconf 90' lang='lat' dir='ltr'>et</span> <span class='ocrx_word' id='word_1_47' title='bbox 775 696 996 747; x_wconf 88' lang='lat' dir='ltr'>educatus</span> <span class='ocrx_word' id='word_1_48' title='bbox 1019 699 1187 748; x_wconf 86' lang='lat' dir='ltr'>fuerat.</span> <span class='ocrx_word' id='word_1_49' title='bbox 1246 699 1386 766; x_wconf 82' lang='lat' dir='ltr'>Qod</span> <span class='ocrx_word' id='word_1_50' title='bbox 1410 699 1646 766; x_wconf 90' lang='lat' dir='ltr'>quomodo</span> <span class='ocrx_word' id='word_1_51' title='bbox 1676 701 1852 750; x_wconf 66' lang='lat' dir='ltr'>facium</span> 
     </span>
     <span class='ocr_line' id='line_1_7' title="bbox 199 769 1852 839; baseline 0.002 -18"><span class='ocrx_word' id='word_1_52' title='bbox 199 769 274 828; x_wconf 80' lang='lat' dir='ltr'>fit,</span> <span class='ocrx_word' id='word_1_53' title='bbox 295 787 407 822; x_wconf 87' lang='lat' dir='ltr'>mox</span> <span class='ocrx_word' id='word_1_54' title='bbox 421 789 449 820; x_wconf 88' lang='lat' dir='ltr'>a</span> <span class='ocrx_word' id='word_1_55' title='bbox 465 770 696 836; x_wconf 85' lang='lat' dir='ltr'>Dionyfio</span> <span class='ocrx_word' id='word_1_56' title='bbox 710 770 745 819; x_wconf 94' lang='lat' dir='ltr'>l.</span> <span class='ocrx_word' id='word_1_57' title='bbox 761 787 807 820; x_wconf 88' lang='lat' dir='ltr'>c.</span> <span class='ocrx_word' id='word_1_58' title='bbox 822 785 1050 821; x_wconf 86' lang='lat' dir='ltr'>narratur.</span> <span class='ocrx_word' id='word_1_59' title='bbox 1117 775 1247 823; x_wconf 89' lang='lat' dir='ltr'>Tum</span> <span class='ocrx_word' id='word_1_60' title='bbox 1264 791 1432 839; x_wconf 86' lang='lat' dir='ltr'>porro:</span> <span class='ocrx_word' id='word_1_61' title='bbox 1467 777 1552 824; x_wconf 85' lang='lat' dir='ltr'>hos</span> <span class='ocrx_word' id='word_1_62' title='bbox 1574 775 1674 823; x_wconf 90' lang='lat' dir='ltr'>suos</span> <span class='ocrx_word' id='word_1_63' title='bbox 1697 791 1852 839; x_wconf 83' lang='lat' dir='ltr'>popu-</span> 
     </span>
     <span class='ocr_line' id='line_1_8' title="bbox 195 843 1851 913; baseline 0 -17"><span class='ocrx_word' id='word_1_64' title='bbox 195 843 319 896; x_wconf 83' lang='lat' dir='ltr'>lares</span> <span class='ocrx_word' id='word_1_65' title='bbox 341 862 450 896; x_wconf 88' lang='lat' dir='ltr'>cum</span> <span class='ocrx_word' id='word_1_66' title='bbox 464 846 517 896; x_wconf 86' lang='lat' dir='ltr'>in</span> <span class='ocrx_word' id='word_1_67' title='bbox 531 845 604 894; x_wconf 82' lang='lat' dir='ltr'>his</span> <span class='ocrx_word' id='word_1_68' title='bbox 617 843 732 894; x_wconf 85' lang='lat' dir='ltr'>locis</span> <span class='ocrx_word' id='word_1_69' title='bbox 751 846 1008 896; x_wconf 74' lang='lat' dir='ltr'>offendisset</span> <span class='ocrx_word' id='word_1_70' title='bbox 1024 847 1215 904; x_wconf 90' lang='lat' dir='ltr'>AEneas,</span> <span class='ocrx_word' id='word_1_71' title='bbox 1239 861 1448 898; x_wconf 88' lang='lat' dir='ltr'>amanter</span> <span class='ocrx_word' id='word_1_72' title='bbox 1464 866 1572 897; x_wconf 90' lang='lat' dir='ltr'>cum</span> <span class='ocrx_word' id='word_1_73' title='bbox 1589 849 1646 897; x_wconf 91' lang='lat' dir='ltr'>iis</span> <span class='ocrx_word' id='word_1_74' title='bbox 1661 847 1851 913; x_wconf 88' lang='lat' dir='ltr'>aliquod</span> 
     </span>
     <span class='ocr_line' id='line_1_9' title="bbox 195 918 1854 990; baseline -0.001 -20"><span class='ocrx_word' id='word_1_75' title='bbox 195 929 380 986; x_wconf 70' lang='lat' dir='ltr'>tempus</span> <span class='ocrx_word' id='word_1_76' title='bbox 401 918 581 989; x_wconf 64' lang='lat' dir='ltr'>exegit,</span> <span class='ocrx_word' id='word_1_77' title='bbox 611 920 838 986; x_wconf 58' lang='lat' dir='ltr'>urbesque</span> <span class='ocrx_word' id='word_1_78' title='bbox 859 921 915 970; x_wconf 71' lang='lat' dir='ltr'>iis</span> <span class='ocrx_word' id='word_1_79' title='bbox 943 922 1169 979; x_wconf 72' lang='lat' dir='ltr'>condidit,</span> <span class='ocrx_word' id='word_1_80' title='bbox 1226 924 1302 971; x_wconf 66' lang='grc' dir='ltr'><strong><em>καῖ</em></strong></span> <span class='ocrx_word' id='word_1_81' title='bbox 1320 925 1687 990; x_wconf 68' lang='grc' dir='ltr'>κατασκευάζεται</span> <span class='ocrx_word' id='word_1_82' title='bbox 1709 929 1854 973; x_wconf 71' lang='grc' dir='ltr'><em>αὐτοῖς</em></span> 
     </span>
     <span class='ocr_line' id='line_1_10' title="bbox 195 995 1849 1065; baseline 0.002 -21"><span class='ocrx_word' id='word_1_83' title='bbox 195 999 338 1046; x_wconf 75' lang='grc' dir='ltr'><strong><em>πόλεις</em></strong></span> <span class='ocrx_word' id='word_1_84' title='bbox 356 998 541 1058; x_wconf 65' lang='grc' dir='ltr'>Αἷεγέςαυ</span> <span class='ocrx_word' id='word_1_85' title='bbox 560 995 636 1046; x_wconf 72' lang='grc' dir='ltr'>καὶ</span> <span class='ocrx_word' id='word_1_86' title='bbox 661 996 850 1056; x_wconf 78' lang='grc' dir='ltr'>Ἔλυμα,</span> <span class='ocrx_word' id='word_1_87' title='bbox 874 1008 1148 1062; x_wconf 87' lang='lat' dir='ltr'>partemque</span> <span class='ocrx_word' id='word_1_88' title='bbox 1164 1000 1388 1049; x_wconf 83' lang='lat' dir='ltr'>comitum</span> <span class='ocrx_word' id='word_1_89' title='bbox 1405 1000 1471 1048; x_wconf 92' lang='lat' dir='ltr'>ibi</span> <span class='ocrx_word' id='word_1_90' title='bbox 1493 1000 1732 1065; x_wconf 86' lang='lat' dir='ltr'>relinquit.</span> <span class='ocrx_word' id='word_1_91' title='bbox 1766 999 1849 1047; x_wconf 88' lang='lat' dir='ltr'>De</span> 
     </span>
     <span class='ocr_line' id='line_1_11' title="bbox 193 1070 1848 1140; baseline -0.001 -17"><span class='ocrx_word' id='word_1_92' title='bbox 193 1071 356 1136; x_wconf 61' lang='lat' dir='ltr'>Elymis</span> <span class='ocrx_word' id='word_1_93' title='bbox 375 1071 500 1121; x_wconf 86' lang='lat' dir='ltr'>infra</span> <span class='ocrx_word' id='word_1_94' title='bbox 519 1070 798 1120; x_wconf 85' lang='lat' dir='ltr'>videbimus.</span> <span class='ocrx_word' id='word_1_95' title='bbox 865 1072 956 1122; x_wconf 88' lang='lat' dir='ltr'>Sed</span> <span class='ocrx_word' id='word_1_96' title='bbox 993 1073 1219 1137; x_wconf 87' lang='lat' dir='ltr'>Segestam,</span> <span class='ocrx_word' id='word_1_97' title='bbox 1253 1087 1464 1139; x_wconf 88' lang='lat' dir='ltr'>apparet,</span> <span class='ocrx_word' id='word_1_98' title='bbox 1499 1093 1639 1140; x_wconf 90' lang='lat' dir='ltr'>quam</span> <span class='ocrx_word' id='word_1_99' title='bbox 1659 1073 1848 1140; x_wconf 81' lang='lat' dir='ltr'>ingeni·</span> 
     </span>
     <span class='ocr_line' id='line_1_12' title="bbox 194 1146 1846 1217; baseline -0.001 -17"><span class='ocrx_word' id='word_1_100' title='bbox 194 1149 272 1200; x_wconf 88' lang='lat' dir='ltr'>ose</span> <span class='ocrx_word' id='word_1_101' title='bbox 292 1150 435 1217; x_wconf 82' lang='lat' dir='ltr'>po‘e‘ta</span> <span class='ocrx_word' id='word_1_102' title='bbox 452 1146 717 1214; x_wconf 85' lang='lat' dir='ltr'>arripuerit,</span> <span class='ocrx_word' id='word_1_103' title='bbox 735 1158 786 1196; x_wconf 91' lang='lat' dir='ltr'>ut</span> <span class='ocrx_word' id='word_1_104' title='bbox 800 1146 859 1195; x_wconf 88' lang='lat' dir='ltr'>ab</span> <span class='ocrx_word' id='word_1_105' title='bbox 873 1147 1019 1195; x_wconf 87' lang='lat' dir='ltr'>AEnea</span> <span class='ocrx_word' id='word_1_106' title='bbox 1037 1148 1278 1197; x_wconf 89' lang='lat' dir='ltr'>conditam</span> <span class='ocrx_word' id='word_1_107' title='bbox 1295 1167 1399 1199; x_wconf 88' lang='lat' dir='ltr'>eam</span> <span class='ocrx_word' id='word_1_108' title='bbox 1422 1168 1543 1199; x_wconf 90' lang='lat' dir='ltr'>nunc</span> <span class='ocrx_word' id='word_1_109' title='bbox 1558 1150 1846 1216; x_wconf 89' lang='lat' dir='ltr'>perhiberet,</span> 
     </span>
     <span class='ocr_line' id='line_1_13' title="bbox 193 1222 1846 1290; baseline -0.001 -16"><span class='ocrx_word' id='word_1_110' title='bbox 193 1239 303 1274; x_wconf 80' lang='lat' dir='ltr'>cum</span> <span class='ocrx_word' id='word_1_111' title='bbox 323 1222 538 1287; x_wconf 64' lang='lat' dir='ltr'>trajectus</span> <span class='ocrx_word' id='word_1_112' title='bbox 554 1223 606 1272; x_wconf 89' lang='lat' dir='ltr'>in</span> <span class='ocrx_word' id='word_1_113' title='bbox 622 1222 814 1271; x_wconf 87' lang='lat' dir='ltr'>Italiam</span> <span class='ocrx_word' id='word_1_114' title='bbox 837 1222 987 1277; x_wconf 86' lang='lat' dir='ltr'>fieret,</span> <span class='ocrx_word' id='word_1_115' title='bbox 1011 1234 1062 1271; x_wconf 89' lang='lat' dir='ltr'>ut</span> <span class='ocrx_word' id='word_1_116' title='bbox 1086 1222 1203 1271; x_wconf 88' lang='lat' dir='ltr'>adeo</span> <span class='ocrx_word' id='word_1_117' title='bbox 1226 1223 1266 1286; x_wconf 91' lang='lat' dir='ltr'>ej</span> <span class='ocrx_word' id='word_1_118' title='bbox 1275 1241 1323 1271; x_wconf 91' lang='lat' dir='ltr'>us</span> <span class='ocrx_word' id='word_1_119' title='bbox 1346 1225 1538 1273; x_wconf 86' lang='lat' dir='ltr'>comites</span> <span class='ocrx_word' id='word_1_120' title='bbox 1561 1225 1693 1290; x_wconf 88' lang='lat' dir='ltr'>longi</span> <span class='ocrx_word' id='word_1_121' title='bbox 1715 1241 1846 1274; x_wconf 90' lang='lat' dir='ltr'>erro-</span> 
     </span>
     <span class='ocr_line' id='line_1_14' title="bbox 191 1296 1845 1363; baseline -0.002 -14"><span class='ocrx_word' id='word_1_122' title='bbox 191 1298 256 1349; x_wconf 81' lang='lat' dir='ltr'>ris</span> <span class='ocrx_word' id='word_1_123' title='bbox 278 1298 419 1349; x_wconf 85' lang='lat' dir='ltr'>taedio</span> <span class='ocrx_word' id='word_1_124' title='bbox 441 1296 590 1363; x_wconf 87' lang='lat' dir='ltr'>capti,</span> <span class='ocrx_word' id='word_1_125' title='bbox 623 1308 758 1363; x_wconf 86' lang='lat' dir='ltr'>parte</span> <span class='ocrx_word' id='word_1_126' title='bbox 784 1296 926 1346; x_wconf 84' lang='lat' dir='ltr'>etiam</span> <span class='ocrx_word' id='word_1_127' title='bbox 949 1297 1141 1345; x_wconf 79' lang='lat' dir='ltr'>navium</span> <span class='ocrx_word' id='word_1_128' title='bbox 1165 1297 1384 1347; x_wconf 85' lang='lat' dir='ltr'>incendio</span> <span class='ocrx_word' id='word_1_129' title='bbox 1407 1300 1661 1354; x_wconf 88' lang='lat' dir='ltr'>consumta,</span> <span class='ocrx_word' id='word_1_130' title='bbox 1684 1299 1732 1347; x_wconf 92' lang='lat' dir='ltr'>in</span> <span class='ocrx_word' id='word_1_131' title='bbox 1756 1315 1845 1347; x_wconf 89' lang='lat' dir='ltr'>no-</span> 
     </span>
     <span class='ocr_line' id='line_1_15' title="bbox 190 1371 1844 1440; baseline 0 -18"><span class='ocrx_word' id='word_1_132' title='bbox 190 1391 302 1424; x_wconf 87' lang='lat' dir='ltr'>vam</span> <span class='ocrx_word' id='word_1_133' title='bbox 323 1373 555 1423; x_wconf 88' lang='lat' dir='ltr'>coloniam</span> <span class='ocrx_word' id='word_1_134' title='bbox 577 1371 1022 1421; x_wconf 87' lang='lat' dir='ltr'>transcriberentur:</span> <span class='ocrx_word' id='word_1_135' title='bbox 1058 1371 1136 1420; x_wconf 91' lang='lat' dir='ltr'>De</span> <span class='ocrx_word' id='word_1_136' title='bbox 1159 1372 1231 1419; x_wconf 87' lang='lat' dir='ltr'>his</span> <span class='ocrx_word' id='word_1_137' title='bbox 1255 1371 1341 1420; x_wconf 91' lang='lat' dir='ltr'>inf.</span> <span class='ocrx_word' id='word_1_138' title='bbox 1371 1390 1456 1437; x_wconf 89' lang='lat'>711</span> <span class='ocrx_word' id='word_1_139' title='bbox 1487 1374 1584 1438; x_wconf 90' lang='lat' dir='ltr'><strong>sqq.</strong></span> <span class='ocrx_word' id='word_1_140' title='bbox 1622 1390 1717 1439; x_wconf 91' lang='lat'>749</span> <span class='ocrx_word' id='word_1_141' title='bbox 1740 1374 1844 1440; x_wconf 85' lang='lat' dir='ltr'><strong>sqq.</strong></span> 
     </span>
     <span class='ocr_line' id='line_1_16' title="bbox 191 1445 1842 1515; baseline -0.002 -14"><span class='ocrx_word' id='word_1_142' title='bbox 191 1452 256 1501; x_wconf 91' lang='lat' dir='ltr'>Et</span> <span class='ocrx_word' id='word_1_143' title='bbox 282 1467 332 1499; x_wconf 86' lang='lat' dir='ltr'>v.</span> <span class='ocrx_word' id='word_1_144' title='bbox 358 1452 453 1514; x_wconf 86' lang='lat'>718</span> <span class='ocrx_word' id='word_1_145' title='bbox 490 1447 634 1497; x_wconf 86' lang='lat' dir='ltr'>urbem</span> <span class='ocrx_word' id='word_1_146' title='bbox 667 1445 943 1512; x_wconf 76' lang='lat' dir='ltr'>appellabunt</span> <span class='ocrx_word' id='word_1_147' title='bbox 965 1449 1155 1512; x_wconf 64' lang='lat' dir='ltr'>permg&#39;ffi}</span> <span class='ocrx_word' id='word_1_148' title='bbox 1178 1451 1334 1496; x_wconf 81' lang='lat' dir='ltr'>nomine</span> <span class='ocrx_word' id='word_1_149' title='bbox 1356 1451 1565 1513; x_wconf 79' lang='lat' dir='ltr'>Acestam.</span> <span class='ocrx_word' id='word_1_150' title='bbox 1634 1451 1744 1515; x_wconf 84' lang='lat' dir='ltr'>Qo</span> <span class='ocrx_word' id='word_1_151' title='bbox 1767 1449 1842 1498; x_wconf 89' lang='lat' dir='ltr'>in-</span> 
     </span>
     <span class='ocr_line' id='line_1_17' title="bbox 188 1520 1840 1591; baseline -0.001 -16"><span class='ocrx_word' id='word_1_152' title='bbox 188 1525 435 1591; x_wconf 87' lang='lat' dir='ltr'>telligitur‚</span> <span class='ocrx_word' id='word_1_153' title='bbox 459 1540 506 1572; x_wconf 85' lang='lat' dir='ltr'>V.</span> <span class='ocrx_word' id='word_1_154' title='bbox 534 1540 560 1587; x_wconf 93' lang='lat'>7</span> <span class='ocrx_word' id='word_1_155' title='bbox 568 1539 591 1588; x_wconf 80' lang='grc' dir='ltr'><em>ς</em></span> <span class='ocrx_word' id='word_1_156' title='bbox 600 1522 650 1578; x_wconf 90' lang='grc'>6,</span> <span class='ocrx_word' id='word_1_157' title='bbox 683 1524 757 1570; x_wconf 88' lang='lat' dir='ltr'>hoc</span> <span class='ocrx_word' id='word_1_158' title='bbox 779 1521 924 1577; x_wconf 83' lang='lat' dir='ltr'>Ilium,</span> <span class='ocrx_word' id='word_1_159' title='bbox 947 1535 990 1569; x_wconf 85' lang='lat' dir='ltr'>et</span> <span class='ocrx_word' id='word_1_160' title='bbox 1013 1522 1107 1570; x_wconf 75' lang='lat' dir='ltr'>haec</span> <span class='ocrx_word' id='word_1_161' title='bbox 1129 1521 1217 1570; x_wconf 85' lang='lat' dir='ltr'>loca</span> <span class='ocrx_word' id='word_1_162' title='bbox 1241 1520 1420 1588; x_wconf 46' lang='lat' dir='ltr'>Tre-&gt;jam</span> <span class='ocrx_word' id='word_1_163' title='bbox 1445 1526 1531 1587; x_wconf 79' lang='lat' dir='ltr'>Effl</span> <span class='ocrx_word' id='word_1_164' title='bbox 1552 1523 1703 1588; x_wconf 82' lang='lat' dir='ltr'>jubet,</span> <span class='ocrx_word' id='word_1_165' title='bbox 1746 1542 1840 1574; x_wconf 89' lang='lat' dir='ltr'>non</span> 
     </span>
     <span class='ocr_line' id='line_1_18' title="bbox 171 1597 1840 1662; baseline -0.002 -10"><span class='ocrx_word' id='word_1_166' title='bbox 171 1602 252 1652; x_wconf 76' lang='lat' dir='ltr'>..ad</span> <span class='ocrx_word' id='word_1_167' title='bbox 275 1601 399 1651; x_wconf 83' lang='lat' dir='ltr'>urbis</span> <span class='ocrx_word' id='word_1_168' title='bbox 434 1615 622 1653; x_wconf 86' lang='lat' dir='ltr'>nomen,</span> <span class='ocrx_word' id='word_1_169' title='bbox 659 1597 735 1646; x_wconf 90' lang='lat' dir='ltr'>sed</span> <span class='ocrx_word' id='word_1_170' title='bbox 759 1598 818 1645; x_wconf 90' lang='lat' dir='ltr'>ad</span> <span class='ocrx_word' id='word_1_171' title='bbox 842 1597 1035 1662; x_wconf 84' lang='lat' dir='ltr'>originis</span> <span class='ocrx_word' id='word_1_172' title='bbox 1058 1598 1279 1660; x_wconf 83' lang='lat' dir='ltr'>Trojanae</span> <span class='ocrx_word' id='word_1_173' title='bbox 1304 1600 1674 1648; x_wconf 77' lang='lat' dir='ltr'>recordationem</span> <span class='ocrx_word' id='word_1_174' title='bbox 1696 1613 1743 1649; x_wconf 87' lang='lat' dir='ltr'>et</span> <span class='ocrx_word' id='word_1_175' title='bbox 1764 1619 1840 1649; x_wconf 83' lang='lat' dir='ltr'>re-</span> 
     </span>
     <span class='ocr_line' id='line_1_19' title="bbox 145 1674 1842 1744; baseline 0.001 -18"><span class='ocrx_word' id='word_1_176' title='bbox 145 1720 148 1726; x_wconf 92' lang='lat'><strong>.</strong></span> <span class='ocrx_word' id='word_1_177' title='bbox 185 1674 586 1744; x_wconf 66' lang='lat' dir='ltr'>praesentationem</span> <span class='ocrx_word' id='word_1_178' title='bbox 611 1676 697 1723; x_wconf 81' lang='lat' dir='ltr'>effe</span> <span class='ocrx_word' id='word_1_179' title='bbox 722 1675 1036 1724; x_wconf 88' lang='lat' dir='ltr'>referendum.</span> <span class='ocrx_word' id='word_1_180' title='bbox 1104 1674 1294 1730; x_wconf 84' lang='lat' dir='ltr'>Nescio,</span> <span class='ocrx_word' id='word_1_181' title='bbox 1317 1692 1375 1723; x_wconf 92' lang='lat' dir='ltr'>an</span> <span class='ocrx_word' id='word_1_182' title='bbox 1397 1676 1463 1724; x_wconf 82' lang='lat' dir='ltr'>ita</span> <span class='ocrx_word' id='word_1_183' title='bbox 1483 1678 1771 1726; x_wconf 88' lang='lat' dir='ltr'>Burmannus</span> <span class='ocrx_word' id='word_1_184' title='bbox 1795 1697 1842 1728; x_wconf 92' lang='lat' dir='ltr'>e·</span> 
     </span>
     <span class='ocr_line' id='line_1_20' title="bbox 183 1749 1841 1817; baseline 0.001 -15"><span class='ocrx_word' id='word_1_185' title='bbox 183 1754 218 1805; x_wconf 91' lang='lat' dir='ltr'>l.</span> <span class='ocrx_word' id='word_1_186' title='bbox 255 1751 506 1817; x_wconf 86' lang='lat' dir='ltr'>acceperit,</span> <span class='ocrx_word' id='word_1_187' title='bbox 546 1749 623 1799; x_wconf 87' lang='lat' dir='ltr'>ubi</span> <span class='ocrx_word' id='word_1_188' title='bbox 648 1751 842 1799; x_wconf 85' lang='lat' dir='ltr'>Ruaeum</span> <span class='ocrx_word' id='word_1_189' title='bbox 874 1750 1061 1798; x_wconf 85' lang='lat' dir='ltr'>refellit.</span> <span class='ocrx_word' id='word_1_190' title='bbox 1133 1749 1289 1799; x_wconf 87' lang='lat' dir='ltr'>Potuit</span> <span class='ocrx_word' id='word_1_191' title='bbox 1314 1763 1467 1799; x_wconf 85' lang='lat' dir='ltr'>tamen</span> <span class='ocrx_word' id='word_1_192' title='bbox 1504 1755 1644 1816; x_wconf 69' lang='lat' dir='ltr'>poeta</span> <span class='ocrx_word' id='word_1_193' title='bbox 1663 1767 1743 1802; x_wconf 88' lang='lat' dir='ltr'>aut</span> <span class='ocrx_word' id='word_1_194' title='bbox 1763 1771 1841 1802; x_wconf 79' lang='lat' dir='ltr'>ac-</span> 
     </span>
    </p>
   </div>
   <div class='ocr_carea' id='block_1_3' title="bbox 87 1822 1838 1965">
    <p class='ocr_par' dir='ltr' id='par_1_3' title="bbox 87 1822 1838 1965">
     <span class='ocr_line' id='line_1_21' title="bbox 92 1822 1838 1894; baseline 0.001 -17"><span class='ocrx_word' id='word_1_195' title='bbox 92 1863 95 1865; x_wconf 96' lang='grc'>-</span> <span class='ocrx_word' id='word_1_196' title='bbox 182 1828 351 1894; x_wconf 82' lang='lat' dir='ltr'>cepisse</span> <span class='ocrx_word' id='word_1_197' title='bbox 373 1828 461 1875; x_wconf 86' lang='lat' dir='ltr'>hoc</span> <span class='ocrx_word' id='word_1_198' title='bbox 484 1837 563 1873; x_wconf 87' lang='lat' dir='ltr'>aut</span> <span class='ocrx_word' id='word_1_199' title='bbox 587 1825 780 1890; x_wconf 84' lang='lat' dir='ltr'>fingere,</span> <span class='ocrx_word' id='word_1_200' title='bbox 815 1824 944 1873; x_wconf 80' lang='lat' dir='ltr'>fuifl‘e</span> <span class='ocrx_word' id='word_1_201' title='bbox 966 1824 1016 1873; x_wconf 85' lang='lat' dir='ltr'>in</span> <span class='ocrx_word' id='word_1_202' title='bbox 1037 1822 1135 1887; x_wconf 88' lang='lat' dir='ltr'>ipsa</span> <span class='ocrx_word' id='word_1_203' title='bbox 1158 1825 1271 1873; x_wconf 90' lang='lat' dir='ltr'>urbe</span> <span class='ocrx_word' id='word_1_204' title='bbox 1293 1826 1395 1874; x_wconf 87' lang='lat' dir='ltr'>loca</span> <span class='ocrx_word' id='word_1_205' title='bbox 1421 1827 1479 1874; x_wconf 81' lang='lat' dir='ltr'>ab</span> <span class='ocrx_word' id='word_1_206' title='bbox 1499 1828 1648 1875; x_wconf 87' lang='lat' dir='ltr'>AEnea</span> <span class='ocrx_word' id='word_1_207' title='bbox 1670 1829 1726 1876; x_wconf 89' lang='lat' dir='ltr'>iis</span> <span class='ocrx_word' id='word_1_208' title='bbox 1751 1846 1838 1878; x_wconf 90' lang='lat' dir='ltr'>no-</span> 
     </span>
     <span class='ocr_line' id='line_1_22' title="bbox 87 1895 1836 1965; baseline 0 -13"><span class='ocrx_word' id='word_1_209' title='bbox 87 1895 88 1898; x_wconf 24' lang='lat'><em>*</em></span> <span class='ocrx_word' id='word_1_210' title='bbox 179 1902 385 1953; x_wconf 85' lang='lat' dir='ltr'>minibus</span> <span class='ocrx_word' id='word_1_211' title='bbox 421 1901 682 1964; x_wconf 77' lang='lat' dir='ltr'>designata,</span> <span class='ocrx_word' id='word_1_212' title='bbox 718 1912 768 1947; x_wconf 88' lang='lat' dir='ltr'>ut</span> <span class='ocrx_word' id='word_1_213' title='bbox 800 1897 951 1961; x_wconf 87' lang='lat' dir='ltr'>Troja</span> <span class='ocrx_word' id='word_1_214' title='bbox 975 1910 1022 1947; x_wconf 93' lang='lat' dir='ltr'>et</span> <span class='ocrx_word' id='word_1_215' title='bbox 1055 1898 1194 1947; x_wconf 78' lang='lat' dir='ltr'>ilium</span> <span class='ocrx_word' id='word_1_216' title='bbox 1225 1901 1399 1957; x_wconf 86' lang='lat' dir='ltr'>effent3</span> <span class='ocrx_word' id='word_1_217' title='bbox 1435 1901 1655 1965; x_wconf 76' lang='lat' dir='ltr'>liquidem</span> <span class='ocrx_word' id='word_1_218' title='bbox 1691 1904 1836 1953; x_wconf 87' lang='lat' dir='ltr'>etiam</span> 
     </span>
    </p>
   </div>
   <div class='ocr_carea' id='block_1_4' title="bbox 178 1974 1836 2119">
    <p class='ocr_par' dir='ltr' id='par_1_4' title="bbox 178 1974 1836 2119">
     <span class='ocr_line' id='line_1_23' title="bbox 180 1974 1836 2039; baseline 0.001 -10"><span class='ocrx_word' id='word_1_219' title='bbox 180 1977 322 2029; x_wconf 81' lang='lat' dir='ltr'>fluvii·</span> <span class='ocrx_word' id='word_1_220' title='bbox 349 1978 537 2026; x_wconf 86' lang='lat' dir='ltr'>fuerunt</span> <span class='ocrx_word' id='word_1_221' title='bbox 577 1974 746 2023; x_wconf 85' lang='lat' dir='ltr'>Simois</span> <span class='ocrx_word' id='word_1_222' title='bbox 780 1986 829 2023; x_wconf 90' lang='lat' dir='ltr'>et</span> <span class='ocrx_word' id='word_1_223' title='bbox 864 1974 1145 2024; x_wconf 86' lang='lat' dir='ltr'>Scamander</span> <span class='ocrx_word' id='word_1_224' title='bbox 1174 1974 1220 2022; x_wconf 92' lang='lat' dir='ltr'>in</span> <span class='ocrx_word' id='word_1_225' title='bbox 1252 1992 1369 2039; x_wconf 87' lang='lat' dir='ltr'>agro</span> <span class='ocrx_word' id='word_1_226' title='bbox 1402 1977 1541 2025; x_wconf 78' lang='lat' dir='ltr'>urbis.</span> <span class='ocrx_word' id='word_1_227' title='bbox 1578 1995 1628 2025; x_wconf 85' lang='grc' dir='ltr'>ν.</span> <span class='ocrx_word' id='word_1_228' title='bbox 1666 1979 1836 2030; x_wconf 88' lang='lat' dir='ltr'>Strabo</span> 
     </span>
     <span class='ocr_line' id='line_1_24' title="bbox 178 2050 1834 2119; baseline 0.001 -16"><span class='ocrx_word' id='word_1_229' title='bbox 178 2055 335 2113; x_wconf 75' lang='lat' dir='ltr'>XIII,</span> <span class='ocrx_word' id='word_1_230' title='bbox 358 2070 414 2118; x_wconf 73' lang='lat' dir='ltr'>p..</span> <span class='ocrx_word' id='word_1_231' title='bbox 432 2052 526 2100; x_wconf 88' lang='lat'>608</span> <span class='ocrx_word' id='word_1_232' title='bbox 552 2051 611 2106; x_wconf 94' lang='lat' dir='ltr'>B,</span> <span class='ocrx_word' id='word_1_233' title='bbox 646 2067 740 2115; x_wconf 91' lang='lat' dir='ltr'>quo</span> <span class='ocrx_word' id='word_1_234' title='bbox 764 2050 884 2099; x_wconf 91' lang='lat' dir='ltr'>forte</span> <span class='ocrx_word' id='word_1_235' title='bbox 906 2050 1103 2114; x_wconf 84' lang='lat' dir='ltr'>respexit</span> <span class='ocrx_word' id='word_1_236' title='bbox 1122 2056 1261 2114; x_wconf 80' lang='lat' dir='ltr'>po&#39;e‘ta</span> <span class='ocrx_word' id='word_1_237' title='bbox 1276 2052 1344 2107; x_wconf 89' lang='lat' dir='ltr'>V,</span> <span class='ocrx_word' id='word_1_238' title='bbox 1384 2054 1482 2117; x_wconf 85' lang='lat'>634</span> <span class='ocrx_word' id='word_1_239' title='bbox 1515 2053 1701 2102; x_wconf 82' lang='lat' dir='ltr'>Nullane</span> <span class='ocrx_word' id='word_1_240' title='bbox 1725 2058 1834 2119; x_wconf 87' lang='lat' dir='ltr'>jam</span> 
     </span>
    </p>
   </div>
   <div class='ocr_carea' id='block_1_5' title="bbox 153 2127 1834 2197">
    <p class='ocr_par' dir='ltr' id='par_1_5' title="bbox 153 2127 1834 2197">
     <span class='ocr_line' id='line_1_25' title="bbox 153 2127 1834 2197; baseline 0.002 -21"><span class='ocrx_word' id='word_1_241' title='bbox 153 2128 330 2197; x_wconf 73' lang='lat' dir='ltr'>‚Trqjae</span> <span class='ocrx_word' id='word_1_242' title='bbox 362 2129 555 2176; x_wconf 81' lang='lat' dir='ltr'>dicentur</span> <span class='ocrx_word' id='word_1_243' title='bbox 585 2131 746 2175; x_wconf 82' lang='lat' dir='ltr'>moenia</span> <span class='ocrx_word' id='word_1_244' title='bbox 765 2130 794 2174; x_wconf 83' lang='lat'><em>?</em></span> <span class='ocrx_word' id='word_1_245' title='bbox 852 2129 1050 2190; x_wconf 78' lang='lat' dir='ltr'>nusquam</span> <span class='ocrx_word' id='word_1_246' title='bbox 1088 2127 1317 2176; x_wconf 61' lang='lat' dir='ltr'>Heaoreos</span> <span class='ocrx_word' id='word_1_247' title='bbox 1351 2148 1492 2176; x_wconf 84' lang='lat' dir='ltr'>amnes</span> <span class='ocrx_word' id='word_1_248' title='bbox 1525 2128 1752 2178; x_wconf 84' lang='lat' dir='ltr'>Xanthum</span> <span class='ocrx_word' id='word_1_249' title='bbox 1789 2145 1834 2180; x_wconf 74' lang='lat' dir='ltr'>et</span> 
     </span>
    </p>
   </div>
   <div class='ocr_carea' id='block_1_6' title="bbox 96 2201 1829 2341">
    <p class='ocr_par' dir='ltr' id='par_1_6' title="bbox 96 2201 1829 2341">
     <span class='ocr_line' id='line_1_26' title="bbox 177 2201 634 2256; baseline -0.018 0"><span class='ocrx_word' id='word_1_250' title='bbox 177 2207 393 2256; x_wconf 64' lang='lat' dir='ltr'>Simokhta</span> <span class='ocrx_word' id='word_1_251' title='bbox 411 2201 568 2251; x_wconf 73' lang='lat' dir='ltr'>‘videbo</span> <span class='ocrx_word' id='word_1_252' title='bbox 587 2205 634 2248; x_wconf 60' lang='grc' dir='ltr'>θ’</span> 
     </span>
     <span class='ocr_line' id='line_1_27' title="bbox 96 2271 1829 2341; baseline 0.001 -14"><span class='ocrx_word' id='word_1_253' title='bbox 96 2272 99 2273; x_wconf 43' lang='grc'>’</span> <span class='ocrx_word' id='word_1_254' title='bbox 239 2279 388 2341; x_wconf 88' lang='lat' dir='ltr'>Dicat</span> <span class='ocrx_word' id='word_1_255' title='bbox 409 2289 569 2326; x_wconf 87' lang='lat' dir='ltr'>tamen</span> <span class='ocrx_word' id='word_1_256' title='bbox 590 2274 775 2341; x_wconf 84' lang='lat' dir='ltr'>aliquis,</span> <span class='ocrx_word' id='word_1_257' title='bbox 815 2286 863 2324; x_wconf 89' lang='lat' dir='ltr'>et</span> <span class='ocrx_word' id='word_1_258' title='bbox 887 2274 1082 2324; x_wconf 86' lang='lat' dir='ltr'>eandem</span> <span class='ocrx_word' id='word_1_259' title='bbox 1106 2271 1418 2325; x_wconf 86' lang='lat' dir='ltr'>difficultatem</span> <span class='ocrx_word' id='word_1_260' title='bbox 1445 2276 1592 2325; x_wconf 87' lang='lat' dir='ltr'>movit</span> <span class='ocrx_word' id='word_1_261' title='bbox 1633 2279 1829 2328; x_wconf 85' lang='lat' dir='ltr'>Cluver-</span> 
     </span>
    </p>
   </div>
   <div class='ocr_carea' id='block_1_7' title="bbox 138 2351 1827 3024">
    <p class='ocr_par' dir='ltr' id='par_1_7' title="bbox 138 2351 1827 3024">
     <span class='ocr_line' id='line_1_28' title="bbox 173 2351 1827 2422; baseline -0.001 -18"><span class='ocrx_word' id='word_1_262' title='bbox 173 2372 223 2422; x_wconf 85' lang='lat' dir='ltr'>p.</span> <span class='ocrx_word' id='word_1_263' title='bbox 250 2354 347 2404; x_wconf 89' lang='lat'>260</span> <span class='ocrx_word' id='word_1_264' title='bbox 378 2352 506 2404; x_wconf 82' lang='lat' dir='ltr'>sicil.</span> <span class='ocrx_word' id='word_1_265' title='bbox 527 2365 645 2407; x_wconf 68' lang='lat' dir='ltr'>ant„</span> <span class='ocrx_word' id='word_1_266' title='bbox 678 2351 800 2399; x_wconf 85' lang='lat' dir='ltr'>urbes</span> <span class='ocrx_word' id='word_1_267' title='bbox 823 2353 989 2415; x_wconf 74' lang='lat' dir='ltr'><em>Acestae</em></span> <span class='ocrx_word' id='word_1_268' title='bbox 1010 2358 1151 2415; x_wconf 79' lang='lat' dir='ltr'>poe&#39;ta</span> <span class='ocrx_word' id='word_1_269' title='bbox 1164 2352 1262 2414; x_wconf 86' lang='lat' dir='ltr'>jam</span> <span class='ocrx_word' id='word_1_270' title='bbox 1278 2352 1362 2400; x_wconf 87' lang='lat' dir='ltr'>lib.</span> <span class='ocrx_word' id='word_1_271' title='bbox 1385 2354 1569 2417; x_wconf 79' lang='lat' dir='ltr'>I,‘349.</span> <span class='ocrx_word' id='word_1_272' title='bbox 1598 2371 1621 2418; x_wconf 77' lang='lat'>5</span> <span class='ocrx_word' id='word_1_273' title='bbox 1631 2372 1692 2420; x_wconf 82' lang='lat'>50</span> <span class='ocrx_word' id='word_1_274' title='bbox 1725 2373 1827 2403; x_wconf 86' lang='lat' dir='ltr'>me-</span> 
     </span>
     <span class='ocr_line' id='line_1_29' title="bbox 174 2426 1827 2493; baseline -0.002 -12"><span class='ocrx_word' id='word_1_275' title='bbox 174 2442 467 2489; x_wconf 80' lang='lat' dir='ltr'>moraverat:</span> <span class='ocrx_word' id='word_1_276' title='bbox 528 2428 635 2476; x_wconf 87' lang='lat' dir='ltr'>Sunt</span> <span class='ocrx_word' id='word_1_277' title='bbox 649 2439 692 2476; x_wconf 81' lang='lat' dir='ltr'>et</span> <span class='ocrx_word' id='word_1_278' title='bbox 709 2427 859 2481; x_wconf 84' lang='lat' dir='ltr'>Siculis</span> <span class='ocrx_word' id='word_1_279' title='bbox 881 2427 1119 2491; x_wconf 83' lang='lat' dir='ltr'>regionibus</span> <span class='ocrx_word' id='word_1_280' title='bbox 1141 2427 1281 2483; x_wconf 80' lang='lat' dir='ltr'>urbes,</span> <span class='ocrx_word' id='word_1_281' title='bbox 1316 2428 1533 2491; x_wconf 80' lang='lat' dir='ltr'>Arvaque</span> <span class='ocrx_word' id='word_1_282' title='bbox 1561 2426 1827 2493; x_wconf 75' lang='lat' dir='ltr'>Trqjanoque</span> 
     </span>
     <span class='ocr_line' id='line_1_30' title="bbox 171 2502 1824 2572; baseline -0.002 -17"><span class='ocrx_word' id='word_1_283' title='bbox 171 2526 204 2555; x_wconf 89' lang='lat' dir='ltr'><em>a</em></span> <span class='ocrx_word' id='word_1_284' title='bbox 209 2509 421 2572; x_wconf 65' lang='lat' dir='ltr'>sunguine</span> <span class='ocrx_word' id='word_1_285' title='bbox 442 2503 582 2553; x_wconf 85' lang='lat' dir='ltr'>clarus</span> <span class='ocrx_word' id='word_1_286' title='bbox 615 2502 800 2568; x_wconf 73' lang='lat' dir='ltr'>Acestes,</span> <span class='ocrx_word' id='word_1_287' title='bbox 834 2503 1043 2568; x_wconf 87' lang='lat' dir='ltr'>adeoque</span> <span class='ocrx_word' id='word_1_288' title='bbox 1067 2503 1111 2551; x_wconf 91' lang='lat' dir='ltr'>se</span> <span class='ocrx_word' id='word_1_289' title='bbox 1144 2504 1416 2551; x_wconf 80' lang='lat' dir='ltr'>vehementer</span> <span class='ocrx_word' id='word_1_290' title='bbox 1434 2502 1678 2566; x_wconf 64' lang='lat' dir='ltr'>obliviqficm</span> <span class='ocrx_word' id='word_1_291' title='bbox 1714 2521 1824 2568; x_wconf 89' lang='lat' dir='ltr'>pro-</span> 
     </span>
     <span class='ocr_line' id='line_1_31' title="bbox 138 2575 1823 2644; baseline -0.001 -14"><span class='ocrx_word' id='word_1_292' title='bbox 138 2601 145 2606; x_wconf 95' lang='lat'>·</span> <span class='ocrx_word' id='word_1_293' title='bbox 173 2579 312 2644; x_wconf 73' lang='lat' dir='ltr'>didit,</span> <span class='ocrx_word' id='word_1_294' title='bbox 333 2578 444 2627; x_wconf 89' lang='lat' dir='ltr'>dum</span> <span class='ocrx_word' id='word_1_295' title='bbox 465 2579 557 2626; x_wconf 88' lang='lat' dir='ltr'>hoc</span> <span class='ocrx_word' id='word_1_296' title='bbox 582 2575 770 2625; x_wconf 88' lang='lat' dir='ltr'>demum</span> <span class='ocrx_word' id='word_1_297' title='bbox 791 2577 1097 2641; x_wconf 86' lang='lat' dir='ltr'>libro&#39;quinto</span> <span class='ocrx_word' id='word_1_298' title='bbox 1120 2577 1281 2625; x_wconf 90' lang='lat' dir='ltr'>urbem</span> <span class='ocrx_word' id='word_1_299' title='bbox 1307 2576 1482 2624; x_wconf 83' lang='lat' dir='ltr'>Acestae</span> <span class='ocrx_word' id='word_1_300' title='bbox 1501 2580 1823 2629; x_wconf 86' lang='lat' dir='ltr'>exstruendam</span> 
     </span>
     <span class='ocr_line' id='line_1_32' title="bbox 148 2651 1820 2718; baseline -0.003 -11"><span class='ocrx_word' id='word_1_301' title='bbox 148 2666 347 2708; x_wconf 77' lang='lat' dir='ltr'>&#39;narrat-</span> <span class='ocrx_word' id='word_1_302' title='bbox 416 2653 672 2703; x_wconf 83' lang='lat' dir='ltr'>Enimvero</span> <span class='ocrx_word' id='word_1_303' title='bbox 711 2652 914 2718; x_wconf 88' lang='lat' dir='ltr'>primum</span> <span class='ocrx_word' id='word_1_304' title='bbox 948 2653 1135 2702; x_wconf 85' lang='lat' dir='ltr'>historia</span> <span class='ocrx_word' id='word_1_305' title='bbox 1165 2653 1323 2718; x_wconf 84' lang='lat' dir='ltr'>plures</span> <span class='ocrx_word' id='word_1_306' title='bbox 1354 2651 1509 2705; x_wconf 92' lang='lat' dir='ltr'>urbes,</span> <span class='ocrx_word' id='word_1_307' title='bbox 1547 2669 1637 2699; x_wconf 86' lang='lat' dir='ltr'>non</span> <span class='ocrx_word' id='word_1_308' title='bbox 1662 2671 1820 2710; x_wconf 87' lang='lat' dir='ltr'>unam,</span> 
     </span>
     <span class='ocr_line' id='line_1_33' title="bbox 169 2727 1820 2798; baseline -0.002 -16"><span class='ocrx_word' id='word_1_309' title='bbox 169 2733 231 2783; x_wconf 84' lang='lat' dir='ltr'>ab</span> <span class='ocrx_word' id='word_1_310' title='bbox 246 2731 437 2798; x_wconf 90' lang='lat' dir='ltr'>AEgesta</span> <span class='ocrx_word' id='word_1_311' title='bbox 459 2729 670 2779; x_wconf 86' lang='lat' dir='ltr'>conditas</span> <span class='ocrx_word' id='word_1_312' title='bbox 693 2729 909 2793; x_wconf 89' lang='lat' dir='ltr'>perhibet</span> <span class='ocrx_word' id='word_1_313' title='bbox 929 2747 944 2785; x_wconf 82' lang='lat'><em>3</em></span> <span class='ocrx_word' id='word_1_314' title='bbox 995 2740 1088 2777; x_wconf 90' lang='lat' dir='ltr'>tres</span> <span class='ocrx_word' id='word_1_315' title='bbox 1113 2727 1300 2793; x_wconf 80' lang='lat' dir='ltr'>quidem</span> <span class='ocrx_word' id='word_1_316' title='bbox 1323 2728 1602 2792; x_wconf 89' lang='lat' dir='ltr'>Lycophron</span> <span class='ocrx_word' id='word_1_317' title='bbox 1627 2745 1676 2776; x_wconf 87' lang='lat' dir='ltr'>v.</span> <span class='ocrx_word' id='word_1_318' title='bbox 1700 2730 1820 2795; x_wconf 88' lang='lat'><strong>964,</strong></span> 
     </span>
     <span class='ocr_line' id='line_1_34' title="bbox 160 2799 1818 2874; baseline -0.003 -17"><span class='ocrx_word' id='word_1_319' title='bbox 160 2822 284 2874; x_wconf 78' lang='lat' dir='ltr'>&#39;quas</span> <span class='ocrx_word' id='word_1_320' title='bbox 306 2799 578 2870; x_wconf 63' lang='lat' dir='ltr'>scholiastes</span> <span class='ocrx_word' id='word_1_321' title='bbox 601 2804 852 2869; x_wconf 73' lang='lat' dir='ltr'>AEgcstam,</span> <span class='ocrx_word' id='word_1_322' title='bbox 875 2803 1104 2859; x_wconf 77' lang='lat' dir='ltr'>Entellum,</span> <span class='ocrx_word' id='word_1_323' title='bbox 1122 2805 1314 2868; x_wconf 75' lang='lat' dir='ltr'>Erycem,</span> <span class='ocrx_word' id='word_1_324' title='bbox 1332 2802 1512 2851; x_wconf 81' lang='lat' dir='ltr'>recitat.</span> <span class='ocrx_word' id='word_1_325' title='bbox 1533 2803 1603 2854; x_wconf 86' lang='lat' dir='ltr'>&#39;cf.</span> <span class='ocrx_word' id='word_1_326' title='bbox 1621 2804 1818 2856; x_wconf 84' lang='lat' dir='ltr'>Cluver.</span> 
     </span>
     <span class='ocr_line' id='line_1_35' title="bbox 167 2877 1818 2945; baseline -0.007 -11"><span class='ocrx_word' id='word_1_327' title='bbox 167 2881 274 2933; x_wconf 63' lang='lat' dir='ltr'>eod«</span> <span class='ocrx_word' id='word_1_328' title='bbox 313 2896 418 2945; x_wconf 79' lang='lat' dir='ltr'>cap.</span> <span class='ocrx_word' id='word_1_329' title='bbox 485 2877 737 2942; x_wconf 74' lang='lat' dir='ltr'>Dionysius</span> <span class='ocrx_word' id='word_1_330' title='bbox 777 2881 960 2938; x_wconf 64' lang='grc' dir='ltr'>Αἷτγέςαν</span> <span class='ocrx_word' id='word_1_331' title='bbox 993 2877 1068 2925; x_wconf 66' lang='grc' dir='ltr'>καὶ</span> <span class='ocrx_word' id='word_1_332' title='bbox 1093 2878 1264 2936; x_wconf 75' lang='grc' dir='ltr'>’Ἔλυμα</span> <span class='ocrx_word' id='word_1_333' title='bbox 1298 2888 1526 2926; x_wconf 86' lang='lat' dir='ltr'>memorat</span> <span class='ocrx_word' id='word_1_334' title='bbox 1553 2877 1602 2926; x_wconf 77' lang='lat' dir='ltr'>in</span> <span class='ocrx_word' id='word_1_335' title='bbox 1638 2878 1818 2945; x_wconf 82' lang='lat' dir='ltr'>AEgesti</span> 
     </span>
     <span class='ocr_line' id='line_1_36' title="bbox 164 2952 1814 3024; baseline -0.002 -20"><span class='ocrx_word' id='word_1_336' title='bbox 164 2954 378 3024; x_wconf 78' lang='lat' dir='ltr'>gratiam</span> <span class='ocrx_word' id='word_1_337' title='bbox 392 2953 452 3004; x_wconf 90' lang='lat' dir='ltr'>ab</span> <span class='ocrx_word' id='word_1_338' title='bbox 464 2952 613 3002; x_wconf 87' lang='lat' dir='ltr'>AEnea</span> <span class='ocrx_word' id='word_1_339' title='bbox 634 2952 864 3001; x_wconf 89' lang='lat' dir='ltr'>conditas.</span> <span class='ocrx_word' id='word_1_340' title='bbox 934 2953 1104 3017; x_wconf 88' lang='lat' dir='ltr'>Elyma</span> <span class='ocrx_word' id='word_1_341' title='bbox 1119 2952 1306 3017; x_wconf 91' lang='lat' dir='ltr'>quidem</span> <span class='ocrx_word' id='word_1_342' title='bbox 1330 2953 1378 3000; x_wconf 90' lang='lat' dir='ltr'>in</span> <span class='ocrx_word' id='word_1_343' title='bbox 1397 2953 1620 3015; x_wconf 85' lang='lat' dir='ltr'>Erycem,</span> <span class='ocrx_word' id='word_1_344' title='bbox 1635 2952 1814 3018; x_wconf 64' lang='grc' dir='ltr'><strong>Ἐξωια,</strong></span> 
     </span>
    </p>
   </div>
   <div class='ocr_carea' id='block_1_8' title="bbox 50 2991 1812 3094">
    <p class='ocr_par' dir='ltr' id='par_1_8' title="bbox 50 2991 1812 3094">
     <span class='ocr_line' id='line_1_37' title="bbox 50 2991 1812 3094; baseline -0.002 -13"><span class='ocrx_word' id='word_1_345' title='bbox 50 2991 51 2994; x_wconf 8' lang='lat'>¹</span> <span class='ocrx_word' id='word_1_346' title='bbox 79 3073 84 3076; x_wconf 90' lang='lat'><em>.</em></span> <span class='ocrx_word' id='word_1_347' title='bbox 138 3040 317 3081; x_wconf 58' lang='lat' dir='ltr'>‘mutat</span> <span class='ocrx_word' id='word_1_348' title='bbox 339 3028 604 3080; x_wconf 76' lang='lat' dir='ltr'>CluveriuS.</span> <span class='ocrx_word' id='word_1_349' title='bbox 670 3028 850 3094; x_wconf 83' lang='lat' dir='ltr'>Qidni</span> <span class='ocrx_word' id='word_1_350' title='bbox 873 3040 1047 3083; x_wconf 87' lang='lat' dir='ltr'>tamen,</span> <span class='ocrx_word' id='word_1_351' title='bbox 1082 3029 1114 3075; x_wconf 77' lang='lat' dir='ltr'>si</span> <span class='ocrx_word' id='word_1_352' title='bbox 1144 3027 1319 3089; x_wconf 90' lang='lat' dir='ltr'>Elymi,</span> <span class='ocrx_word' id='word_1_353' title='bbox 1352 3028 1571 3091; x_wconf 86' lang='lat' dir='ltr'>populus,</span> <span class='ocrx_word' id='word_1_354' title='bbox 1605 3026 1812 3082; x_wconf 85' lang='lat' dir='ltr'>fuerunt,</span> 
     </span>
    </p>
   </div>
   <div class='ocr_carea' id='block_1_9' title="bbox 0 0 78 4030">
    <p class='ocr_par' dir='ltr' id='par_1_9' title="bbox 0 0 78 4030">
     <span class='ocr_line' id='line_1_38' title="bbox 0 0 78 4030; baseline 0 0"><span class='ocrx_word' id='word_1_355' title='bbox 0 0 78 4030; x_wconf 95' lang='lat' dir='ltr'> </span> 
     </span>
    </p>
   </div>
   <div class='ocr_carea' id='block_1_10' title="bbox 158 3101 1810 3541">
    <p class='ocr_par' dir='ltr' id='par_1_10' title="bbox 158 3101 1810 3541">
     <span class='ocr_line' id='line_1_39' title="bbox 165 3101 1810 3167; baseline -0.002 -11"><span class='ocrx_word' id='word_1_356' title='bbox 165 3114 219 3156; x_wconf 71' lang='lat' dir='ltr'>nt</span> <span class='ocrx_word' id='word_1_357' title='bbox 237 3105 359 3155; x_wconf 86' lang='lat' dir='ltr'>infra</span> <span class='ocrx_word' id='word_1_358' title='bbox 373 3103 637 3153; x_wconf 86' lang='lat' dir='ltr'>videbimus</span> <span class='ocrx_word' id='word_1_359' title='bbox 661 3104 780 3151; x_wconf 87' lang='lat' dir='ltr'>Exc.</span> <span class='ocrx_word' id='word_1_360' title='bbox 817 3103 896 3151; x_wconf 87' lang='lat'>111</span> <span class='ocrx_word' id='word_1_361' title='bbox 920 3101 979 3150; x_wconf 87' lang='lat' dir='ltr'>ad</span> <span class='ocrx_word' id='word_1_362' title='bbox 1002 3119 1051 3150; x_wconf 90' lang='lat' dir='ltr'>v.</span> <span class='ocrx_word' id='word_1_363' title='bbox 1077 3119 1160 3167; x_wconf 87' lang='lat'>73,</span> <span class='ocrx_word' id='word_1_364' title='bbox 1201 3101 1331 3148; x_wconf 86' lang='lat' dir='ltr'>vicus</span> <span class='ocrx_word' id='word_1_365' title='bbox 1365 3101 1441 3148; x_wconf 89' lang='lat' dir='ltr'>vel</span> <span class='ocrx_word' id='word_1_366' title='bbox 1471 3101 1695 3165; x_wconf 80' lang='lat' dir='ltr'>opPidum</span> <span class='ocrx_word' id='word_1_367' title='bbox 1719 3105 1810 3153; x_wconf 83' lang='lat' dir='ltr'>ess&#39;e</span> 
     </span>
     <span class='ocr_line' id='line_1_40' title="bbox 161 3174 1809 3246; baseline -0.002 -16"><span class='ocrx_word' id='word_1_368' title='bbox 161 3180 241 3245; x_wconf 73' lang='lat' dir='ltr'>vel</span> <span class='ocrx_word' id='word_1_369' title='bbox 261 3179 382 3230; x_wconf 82' lang='lat' dir='ltr'>tradi</span> <span class='ocrx_word' id='word_1_370' title='bbox 403 3179 610 3246; x_wconf 86' lang='lat' dir='ltr'>potuerit</span> <span class='ocrx_word' id='word_1_371' title='bbox 642 3179 925 3236; x_wconf 69' lang='grc' dir='ltr'>ταὶἝλυμαὲ</span> <span class='ocrx_word' id='word_1_372' title='bbox 961 3176 1103 3224; x_wconf 85' lang='lat' dir='ltr'>etiam</span> <span class='ocrx_word' id='word_1_373' title='bbox 1129 3176 1159 3223; x_wconf 86' lang='lat' dir='ltr'><strong>fi</strong></span> <span class='ocrx_word' id='word_1_374' title='bbox 1185 3175 1308 3222; x_wconf 86' lang='lat' dir='ltr'>nulla</span> <span class='ocrx_word' id='word_1_375' title='bbox 1334 3174 1432 3236; x_wconf 85' lang='lat' dir='ltr'>ejus</span> <span class='ocrx_word' id='word_1_376' title='bbox 1455 3176 1546 3222; x_wconf 87' lang='lat' dir='ltr'>alia</span> <span class='ocrx_word' id='word_1_377' title='bbox 1579 3178 1809 3227; x_wconf 85' lang='lat' dir='ltr'>memoria</span> 
     </span>
     <span class='ocr_line' id='line_1_41' title="bbox 162 3249 1806 3319; baseline -0.006 -16"><span class='ocrx_word' id='word_1_378' title='bbox 162 3261 394 3303; x_wconf 74' lang='lat' dir='ltr'>occurrat.</span> <span class='ocrx_word' id='word_1_379' title='bbox 461 3255 585 3310; x_wconf 83' lang='lat' dir='ltr'>Mox</span> <span class='ocrx_word' id='word_1_380' title='bbox 606 3268 652 3302; x_wconf 88' lang='lat' dir='ltr'>c.</span> <span class='ocrx_word' id='word_1_381' title='bbox 679 3269 704 3319; x_wconf 80' lang='grc' dir='ltr'>ς</span> <span class='ocrx_word' id='word_1_382' title='bbox 714 3269 738 3316; x_wconf 85' lang='lat'>3</span> <span class='ocrx_word' id='word_1_383' title='bbox 774 3255 844 3316; x_wconf 90' lang='lat' dir='ltr'>(p.</span> <span class='ocrx_word' id='word_1_384' title='bbox 863 3251 952 3315; x_wconf 84' lang='lat'>4²)</span> <span class='ocrx_word' id='word_1_385' title='bbox 991 3249 1190 3299; x_wconf 87' lang='lat' dir='ltr'>Veneris</span> <span class='ocrx_word' id='word_1_386' title='bbox 1214 3249 1429 3312; x_wconf 81' lang='lat' dir='ltr'>Erycinae</span> <span class='ocrx_word' id='word_1_387' title='bbox 1447 3250 1671 3313; x_wconf 87' lang='lat' dir='ltr'>templum</span> <span class='ocrx_word' id='word_1_388' title='bbox 1691 3266 1806 3299; x_wconf 88' lang='lat' dir='ltr'>con-</span> 
     </span>
     <span class='ocr_line' id='line_1_42' title="bbox 160 3322 1808 3392; baseline -0.002 -14"><span class='ocrx_word' id='word_1_389' title='bbox 160 3324 313 3389; x_wconf 60' lang='lat' dir='ltr'>ditum</span> <span class='ocrx_word' id='word_1_390' title='bbox 325 3327 473 3378; x_wconf 78' lang='lat' dir='ltr'>fertur</span> <span class='ocrx_word' id='word_1_391' title='bbox 505 3326 577 3376; x_wconf 67' lang='lat' dir='ltr'>zm*</span> <span class='ocrx_word' id='word_1_392' title='bbox 601 3332 657 3392; x_wconf 71' lang='grc' dir='ltr'>τῇ</span> <span class='ocrx_word' id='word_1_393' title='bbox 673 3329 837 3390; x_wconf 70' lang='grc' dir='ltr'>κεφαλῇ</span> <span class='ocrx_word' id='word_1_394' title='bbox 859 3330 916 3372; x_wconf 69' lang='grc' dir='ltr'><strong>τέ</strong></span> <span class='ocrx_word' id='word_1_395' title='bbox 941 3325 1120 3384; x_wconf 66' lang='grc' dir='ltr'>Ἐλύμε,</span> <span class='ocrx_word' id='word_1_396' title='bbox 1143 3322 1221 3371; x_wconf 88' lang='lat' dir='ltr'>ubi</span> <span class='ocrx_word' id='word_1_397' title='bbox 1237 3322 1420 3386; x_wconf 84' lang='lat' dir='ltr'>praestat</span> <span class='ocrx_word' id='word_1_398' title='bbox 1434 3323 1555 3371; x_wconf 86' lang='lat' dir='ltr'>forte</span> <span class='ocrx_word' id='word_1_399' title='bbox 1567 3341 1673 3373; x_wconf 88' lang='lat' dir='ltr'>cum</span> <span class='ocrx_word' id='word_1_400' title='bbox 1694 3325 1808 3375; x_wconf 83' lang='lat' dir='ltr'>viris</span> 
     </span>
     <span class='ocr_line' id='line_1_43' title="bbox 158 3391 1805 3469; baseline -0.005 -13"><span class='ocrx_word' id='word_1_401' title='bbox 158 3391 541 3469; x_wconf 52' lang='lat' dir='ltr'>wirtenberc,</span> <span class='ocrx_word' id='word_1_402' title='bbox 563 3401 633 3453; x_wconf 64' lang='lat' dir='ltr'>zm*</span> <span class='ocrx_word' id='word_1_403' title='bbox 652 3403 707 3469; x_wconf 66' lang='grc' dir='ltr'>τῇ</span> <span class='ocrx_word' id='word_1_404' title='bbox 728 3403 880 3466; x_wconf 62' lang='grc' dir='ltr'><strong><em>κοςυφῇ</em></strong></span> <span class='ocrx_word' id='word_1_405' title='bbox 899 3403 955 3446; x_wconf 58' lang='grc' dir='ltr'>τε</span> <span class='ocrx_word' id='word_1_406' title='bbox 968 3399 1154 3461; x_wconf 49' lang='grc' dir='ltr'>Ἐρυκος.</span> <span class='ocrx_word' id='word_1_407' title='bbox 1222 3396 1351 3458; x_wconf 81' lang='lat' dir='ltr'>Nam</span> <span class='ocrx_word' id='word_1_408' title='bbox 1369 3396 1591 3450; x_wconf 67' lang='lat' dir='ltr'>Boeharfi</span> <span class='ocrx_word' id='word_1_409' title='bbox 1608 3400 1805 3463; x_wconf 65' lang='lat' dir='ltr'>argutiis</span> 
     </span>
     <span class='ocr_line' id='line_1_44' title="bbox 170 3471 1808 3541; baseline -0.004 -10"><span class='ocrx_word' id='word_1_410' title='bbox 170 3482 228 3510; x_wconf 60' lang='lat'>&#39;²³³²&#39;</span> <span class='ocrx_word' id='word_1_411' title='bbox 266 3474 283 3510; x_wconf 50' lang='grc' dir='ltr'>Ψ</span> <span class='ocrx_word' id='word_1_412' title='bbox 315 3496 317 3500; x_wconf 90' lang='grc'><em>·</em></span> <span class='ocrx_word' id='word_1_413' title='bbox 388 3498 392 3504; x_wconf 90' lang='grc'>··</span> <span class='ocrx_word' id='word_1_414' title='bbox 927 3471 959 3522; x_wconf 87' lang='lat' dir='ltr'>S</span> <span class='ocrx_word' id='word_1_415' title='bbox 991 3473 1021 3524; x_wconf 76' lang='lat' dir='ltr'>s</span> <span class='ocrx_word' id='word_1_416' title='bbox 1589 3472 1808 3541; x_wconf 78' lang='lat' dir='ltr'>equidem</span> 
     </span>
    </p>
   </div>
  </div>
 </body>
</html>
