2294 4030
447 305 574 398 &34⁸
683 290 1314 359 P..V1RG1L11
1401 286 1894 350 MARONIS

462 464 775 546 Harpyiae,
784 476 862 522 et
874 456 1120 545 magnis
1132 483 1136 498 ²
1149 452 1439 542 quatiunt¹
1449 456 1825 537 clangoribus
1856 447 1994 530 alas,

464 582 897 660 Diripiuntque
918 570 1124 658 dapes,
1153 574 1544 653 conta'dtuque
1567 573 1781 649 omnia
1800 559 2033 631 foedant

466 695 797 756 Inmundo:
823 710 956 753 tum
982 712 1101 751 vox
1130 704 1350 750 tetrum
1376 688 1506 774 dira
1534 689 1686 749 inter
1711 688 1980 748 odorem.

470 808 732 867 Rursum
763 808 823 866 in
853 804 1066 865 secessu
1094 804 1276 883 longo
1305 802 1409 862 sub
1439 823 1587 883 rupe
1614 817 1846 874 cavata,
1996 819 2108 883 229

469 922 808 984 Arboribus
830 917 1010 980 claufi
1030 918 1260 978 circum
1277 931 1451 995 atque
1471 915 1846 975 horrentibus
1865 903 2115 988 umbris,

474 1027 828 1090 Instruimus
856 1023 1103 1095 mensaS,
1130 1023 1361 1105 arisque
1392 1025 1733 1106 reponimus
1762 1027 1986 1108 ignem.

476 1140 738 1203 Rursum
767 1159 838 1198 ex
866 1136 1096 1197 diverso
1119 1137 1262 1210 coeli
1290 1138 1580 1218 caecisque
1608 1139 1849 1200 latebris

480 1256 686 1315 Turba
714 1252 920 1312 sonans
941 1253 1212 1331 praedam
1233 1252 1482 1332 pedibus
1502 1254 1899 1316 'circumvolat
1923 1258 2119 1321 uncis:

460 1367 705 1428 rPolluit
730 1386 831 1425 ore
856 1366 1058 1446 dapes·
1142 1364 1333 1424 Sociis
1363 1379 1525 1438 tunc,
1553 1388 1717 1428 arma
1745 1370 2060 1451 capefl'ant,

483 1480 701 1551 Edico,
731 1493 789 1537 et
812 1478 940 1537 dira
962 1477 1190 1536 bellum
1216 1497 1358 1538 cum
1384 1492 1561 1558 gente
1586 1482 1937 1560 gerendum.
2011 1503 2042 1545 2
2048 1501 2122 1564 35

488 1592 678 1653 Haud
705 1590 867 1650 secus
889 1610 954 1650 ac
977 1589 1112 1670 juffi
1144 1589 1389 1664 faciunt,
1418 1592 1718 1676 te&osque
1744 1615 1854 1675 per
1882 1597 2129 1662 herbam

490 1707 834 1786 Disponunt
862 1704 1028 1778 enfis,
1056 1719 1115 1763 et
1143 1702 1303 1764 scuta
1330 1704 1576 1766 latentia
1595 1709 1882 1773 condunt.

491 1822 659 1904 Ergo
687 1821 791 1880 ubi
809 1819 1063 1900 delapsae
1078 1818 1340 1879 sonitum
1367 1841 1476 1901 per
1502 1841 1682 1882 curva
1708 1823 1923 1886 dedere

497 1938 706 1998 Litora
722 1967 738 2006 ;
769 1938 871 1996 dat
899 1936 1134 2016 fignum
1156 1933 1389 2014 specula
1420 1935 1689 1997 Misenus
1719 1940 1795 2000 ab
1824 1942 1939 2004 alta

556 2098 650 2141 226.
676 2100 763 2152 plan
742 2099 897 2150 niusgorb
881 2095 1080 2148 saliquot
1107 2093 1212 2134 Pier.
1268 2094 1360 2132 allas
1379 2101 1420 2133 et
1439 2093 1482 2133 in
1501 2107 1628 2149 marg.
1658 2098 1759 2137 halas
1789 2099 2142 2144 Parthanum:

498 2163 545 2217 (f.
563 2166 690 2217 auras)
712 2163 820 2202 Gud.
843 2171 884 2202 et
904 2162 1048 2213 Puget.
1101 2159 1261 2198 Servius
1283 2158 1368 2198 haec
1387 2159 1506 2199 habet
1527 2160 1578 2200 ad
1595 2161 1636 2202 h.
1658 2176 1697 2202 v.
1722 2165 1836 2204 Sed
1834 2168 1925 2219 sime
1940 2169 1994 2207 bic
2012 2171 2144 2226 versus,

501 2232 596 2281 quic
632 2232 738 2266 cumdz
737 2232 820 2266 Has
855 2228 937 2281 st
924 2226 991 2265 'cf
1019 2225 1103 2278 sup.
1136 2225 1187 2264 ad
1219 2237 1258 2264 ν.
1302 2226 1421 2276 204),
1458 2227 1541 2263 talis
1576 2228 1742 2268 auditur:
1771 2230 1955 2273 resonant
1989 2232 2146 2288 magni·

501 2292 736 2333 stridoribus
753 2291 838 2330 alae.
954 2301 1090 2342 229r
1091 2290 1214 2341 ussi
1201 2287 1402 2341 malquOt
1425 2287 1532 2330 Pler
1565 2306 1630 2329 rur
1609 2292 1732 2343 fuse
1689 2293 1813 2347 seccffit
1831 2308 1904 2336 un.
1917 2297 2034 2340 Leid.
2039 2321 2148 2334 -.....

506 2368 600 2407 230.
631 2357 743 2396 Idem
776 2356 859 2394 fere
893 2355 1027 2394 versus
1057 2354 1139 2406 sup
1161 2355 1194 2400 I,
1219 2363 1310 2403 371.
1379 2354 1532 2405 clusam
1563 2355 1723 2395 Medic
1749 2358 1860 2398 Gud.
1894 2369 1937 2400 et
1969 2362 2144 2407 Mentel.
2181 2339 2200 2371 λ’
2253 2362 2258 2369 ’

502 2435 587 2476 pr„
617 2422 682 2462 sed
701 2421 853 2474 priores
885 2419 943 2458 illi
975 2420 1055 2458 duo
1085 2419 1284 2471 expuncsta
1312 2433 1360 2456 m.
1418 2420 1535 2470 clausa
1555 2419 1620 2460 sex
1639 2434 1703 2475 ap.
1723 2422 1858 2465 Heius.
1879 2433 1920 2467 et
1940 2428 2077 2470 Burm.
2106 2436 2150 2470 et

506 2487 636 2526 Goth.
655 2495 766 2533 tert„
792 2484 901 2536 quod
913 2483 1003 2522 sane
1022 2481 1261 2535 ferripoflit.
1318 2485 1371 2521 cla
1374 2484 1467 2534 usum
1486 2485 1629 2524 Franc.
1683 2487 1814 2539 clausas
1834 2489 1934 2543 conj.
1955 2491 2096 2534 Heins-
2110 2500 2152 2536 et

508 2549 560 2590 fic
580 2549 744 2589 Vratiss.
774 2548 910 2587 omnia
944 2560 1166 2600 peiperam.
1280 2557 1371 2595 231.
1402 2551 1494 2599 ignes
1523 2548 1617 2588 duo
1687 2565 1739 2588 me
1740 2552 1804 2605 s,
1833 2556 1971 2606 arsque
2004 2572 2038 2595 ν
2060 2559 2152 2612 ἔξω

508 2615 585 2655 sec.
611 2613 761 2653 Hamb.
818 2616 908 2665 impo
909 2615 1002 2650 nium
1003 2610 1238 2650 sMontalb.
1257 2618 1297 2649 et
1326 2610 1401 2650 sec.
1433 2612 1606 2665 Menag.
1721 2625 1818 2664 232
1846 2620 1919 2656 coelo
1942 2619 2103 2663 Zuhch
2128 2635 2155 2666 ι

509 2692 566 2721 m.
589 2692 649 2732 pr.
705 2687 758 2716 ten
760 2678 847 2716 eribs
867 2675 982 2715 Leid-
1096 2686 1190 2724 233.
1215 2675 1356 2727 dapibus
1378 2675 1505 2714 Goth.
1524 2684 1616 2716 tert.
1644 2689 1743 2718 am.
1767 2691 1826 2731 pr.
1889 2681 2155 2738 ‘Ksjpedfbus
2197 2718 2203 2726 ‚

501 2745 618 2799 sabito
638 2761 665 2783 c.
698 2742 850 2793 aliquot
870 2754 931 2793 ap.
965 2739 1068 2778 Pier.
1185 2750 1276 2787 234.
1294 2740 1482 2789 sociitres
1510 2740 1650 2780 Eunu,
1683 2754 1776 2781 cum
1807 2745 1932 2785 Goth·
1951 2756 2045 2788 tert·
2097 2766 2156 2792 m-

504 2809 640 2864 pffcnt
658 2807 734 2846 sec.
757 2805 908 2844 Hamb.
962 2805 1138 2859 capescant
1157 2805 1291 2847 Franc.
1407 2803 1505 2854 236.
1522 2809 1595 2858 etj.
1608 2805 1728 2845 Witt.
1771 2809 1920 2860 faciant
1931 2817 2024 2851 tert.
2042 2814 2158 2857 Rota
2198 2857 2202 2861 .

515 2875 682 2925 rqusque
701 2869 906 2910 Montalb.
954 2878 1023 2923 per
1049 2869 1171 2906 herbas
1195 2868 1378 2908 Parthas.
1398 2882 1490 2909 cum
1509 2869 1663 2922 aliquot
1683 2870 1822 2912 Pierii.
1852 2873 1902 2913 cf.
1929 2875 1982 2916 ad
1998 2888 2041 2918 v.
2063 2888 2157 2924 ηπ,

512 2950 580 2993 per
593 2939 703 2976 orbem
721 2950 785 2989 pr.
810 2928 1006 2973 Rottend.
1027 2945 1101 2986 pro
1120 2946 1203 2972 var.
1226 2933 1316 2973 leet.
1431 2933 1524 2984 238.
1551 2937 1697 2989 dilapsa·
1715 2936 1856 2977 Heius.
1871 2951 1967 2980 cum
1985 2940 2162 2986 meliori-
2189 2943 2210 2990 g

519 3004 595 3042 bus
621 3000 734 3038 libris
753 2997 961 3037 maluerat.
1022 2997 1098 3035 Sed
1113 2997 1221 3036 reae
1242 2998 1291 3036 ab
1311 3011 1358 3037 eo
1387 2997 1551 3038 disceffit
1567 3000 1702 3040 Burm.
1721 3016 1732 3050 3
1759 3013 1855 3042 nam
1874 3016 1923 3044 ex
1945 3002 2162 3051 alto-deln-
2188 2994 2208 3016 (ἶ

517 3066 671 3107 buntur
704 3063 746 3105 in
780 3061 933 3103 mensas
961 3061 1248 3115 Trojanorum,
1277 3075 1359 3103 non
1398 3062 1441 3104 in
1473 3062 1645 3104 diversas
1677 3074 1820 3119 partes.
1859 3070 2052 3119 ddederunt
2088 3071 2163 3118 set,
2206 3046 2210 3050 -

522 3127 673 3171 Hamb.
788 3137 880 3175 240.
907 3133 1049 3179 coepiant
1079 3138 1146 3164 un.
1180 3124 1299 3166 Leid.

522 3259 692 3319 adfimt,
723 3257 952 3310 advolant.
993 3260 1114 3309 Mox
1133 3280 1224 3310 vox
1245 3264 1309 3310 di·
1455 3279 1567 3327 234
1602 3267 1762 3316 Polluit
1791 3267 1892 3332 plus
1923 3287 2060 3336 quam
2077 3290 2169 3327 ceu·

523 3341 596 3379 ra,
618 3321 791 3372 stridor.
1387 3335 1514 3395 tingit
1532 3332 1809 3380 devorando.

599 3402 710 3448 231.
742 3396 831 3436 aris
859 3388 1002 3454 fimpl.
1042 3390 1186 3449 focis;
1215 3390 1308 3438 sed
1456 3397 1946 3469 239—241.M3senus

530 3450 723 3507 alterum
757 3469 857 3500 voc.
893 3455 1092 3516 gravius.
1130 3469 1311 3522 arguta·
1391 3459 1530 3507 claffis
1568 3459 1653 3510 inf.
1697 3460 1786 3518 VI,
1835 3465 1940 3526 164.
1982 3458 2088 3528 165.
2120 3473 2173 3511 et
2172 3420 2221 3448 i

527 3522 612 3568 ‘tur
631 3515 757 3566 Serv.
780 3532 885 3567 curn
906 3518 967 3569 al.
1397 3522 1517 3576 Exc.
1557 3523 1658 3575 VH
1698 3524 1758 3575 ad
1800 3541 1843 3576 e.
1886 3527 1925 3580 1.
2005 3536 2170 3576 tentant

2055 3589 2172 3643 aazia
