2372 4030
466 376 690 428 xxxn
821 342 1626 436 DISQUISITIO
1691 340 1752 416 I.-

459 531 587 598 hoc
618 529 734 607 est,
754 526 1093 593 heroicum
1124 523 1302 614 posse
1322 523 1547 614 perfici
1572 539 1641 604 et⁴
1658 524 1867 590 ornari
1891 555 1912 601 ς
1963 539 2108 591 tum

459 648 598 738 ejus
629 646 742 711 vix
766 640 887 708 esse
919 638 1095 730 poffe
1126 618 1585 728 argumentum
1616 638 1953 719 idoneum,
1987 639 2109 706 nifi

458 782 542 824 ex
573 758 807 822 ultima
829 752 1215 842 antiquitate
1237 766 1299 814 et
1333 764 1520 827 aetate
1545 748 1819 816 heroum
1844 754 2106 842 proprie

458 874 549 940 ita
580 870 904 935 dictorum
937 866 1243 956 petitum.
1342 862 1457 928 Est
1485 860 1663 929 enim
1693 889 1729 930 a
1754 882 1978 933 natura
2007 889 2107 933 res

457 987 549 1052 ita
577 996 966 1071 comparata,
1017 992 1088 1043 ut
1119 973 1475 1066 priscorum
1507 974 1780 1042 heroum
1811 978 1948 1068 ipsa
1979 1004 2107 1045 no-

460 1101 665 1175 mina,
716 1118 811 1160 res
838 1090 1027 1182 gestae
1061 1106 1123 1156 et
1159 1088 1291 1155 fata
1321 1088 1518 1153 etiam
1550 1111 1664 1178 per
1687 1087 1750 1156 se
1781 1115 1919 1158 non
1943 1093 2108 1160 adeo

459 1209 929 1282 memorabilia,
977 1207 1272 1271 animum
1323 1201 1687 1269 humanum
1734 1221 1992 1274 teneant
2041 1224 2108 1275 et

459 1322 883 1393 admiratione
915 1318 1223 1384 afficiant.
1321 1315 1436 1381 Est
1479 1339 1670 1406 porro
1747 1318 1860 1396 illa
1919 1337 2106 1389 aetate

458 1463 721 1508 morum
754 1461 827 1502 ac
856 1435 1004 1501 vitae
1038 1430 1413 1523 simplicitas
1443 1456 1542 1507 ea,
1594 1457 1742 1523 quae
1769 1436 2107 1525 poeticum

458 1569 762 1619 ornatum
795 1544 1226 1636 sublimesque
1251 1569 1467 1611 rerum
1499 1544 1742 1612 formas
1764 1564 1825 1613 et
1852 1549 2104 1617 senten-

457 1670 693 1735 tiarum
736 1666 1119 1756 gravitatem
1178 1663 1392 1728 multo
1440 1665 1651 1753 magis
1709 1661 2102 1756 suppeditet,

458 1807 655 1873 quam
716 1783 848 1846 vita
906 1777 1261 1843 hominum
1332 1778 1689 1867 elegantior
1712 1810 1735 1854 3
1841 1781 2105 1872 quando

457 1896 651 1959 etiam
681 1892 814 1982 ipsa
843 1888 1016 1957 facta
1062 1911 1417 1978 corporum
1477 1892 1686 1980 magis
1741 1892 1984 1960 viribus
2039 1912 2106 1962 et

457 2009 827 2072 animorum
858 2004 1109 2092 impetu
1128 2027 1200 2068 ac
1219 2004 1456 2069 virtute
1472 2004 1880 2093 gerebantur,
1901 2032 2103 2098 quam

459 2120 873 2188 consiliorum
922 2116 1282 2208 sagacitate,
1348 2134 1412 2183 et
1473 2119 1624 2184 artis
1689 2122 1791 2186 vel
1854 2123 2103 2213 ingenii

458 2235 827 2299 subtilitate.
925 2232 1229 2297 Tandem
1262 2234 1563 2323 gerendis
1598 2249 1741 2300 tum
1765 2237 1950 2304 rebus
1982 2239 2102 2330 ipsi

461 2351 551 2414 dii
582 2345 932 2414 interfuisse
957 2346 1406 2415 credebantur.
1505 2349 1602 2414 Ita
1651 2349 1923 2418 deorum
1972 2356 2104 2421 mi-

459 2462 730 2529 nisteriis
762 2486 857 2527 res
892 2462 1214 2551 explicare
1257 2478 1320 2528 et
1351 2487 1435 2530 ex
1462 2479 1601 2529 toto
1632 2467 1816 2557 cyclo
1847 2467 2103 2560 mythi-

462 2601 562 2654 c0,
615 2602 762 2668 quae
794 2578 1014 2655 vellet,
1066 2577 1445 2668 depromere
1486 2597 1762 2670 poterat.
1859 2587 2100 2654 Italicis

459 2709 673 2758 autem
711 2693 956 2785 mythis
990 2720 1231 2762 novam
1285 2713 1348 2762 et
1403 2699 1652 2765 Graecis
1693 2701 2100 2793 incognitam

457 2805 840 2874 suavitatem
901 2810 1134 2901 adjecit
1166 2815 1230 2879 *.
1344 2814 1530 2879 Tum
1586 2840 1737 2882 vero
1790 2820 2102 2908 prqaeclaro

449 2918 704 3008 judicio
734 2941 1187 3013 argumentum
1221 2950 1304 2993 ex
1338 2943 1544 2994 vetere
1565 2931 1747 3020 cyclo
1771 2934 1957 3022 epico
1986 2933 2101 2998 de-

456 3033 639 3123 legit,
689 3036 968 3102 necdum
1001 3042 1350 3107 tracstatum
1371 3066 1406 3107 a
1429 3044 1602 3109 claro
1628 3046 1852 3136 aliquo
1876 3053 2095 3136 poeta,

458 3168 576 3209 nec
607 3161 822 3213 tamen
855 3149 1043 3238 plane
1065 3153 1415 3235 intactum,
1444 3174 1505 3222 et
1535 3159 1896 3226 Homerico
1923 3159 2102 3227 aliis-³·
2144 3208 2145 3211 κ

461 3282 589 3348 que
625 3264 1018 3333 carminibus
1083 3247 1263 3359 quafi
1320 3271 1705 3363 contiguum
1766 3296 1840 3340 ac
1891 3271 2100 3341 finiti-

524 3453 554 3480 *
589 3456 665 3504 De
681 3458 771 3508 hoe
788 3461 883 3510 vid.
909 3464 1098 3514 Excurs.
1133 3466 1223 3518 IV.
1248 3469 1311 3519 V.
1335 3471 1456 3522 VII.
1489 3472 1620 3523 VIII
1642 3472 1721 3523 ad
1735 3473 1817 3524 lib.
1841 3474 1966 3530 VH,
1997 3483 2098 3523 tum

459 3529 613 3595 plures
632 3534 743 3582 alios
762 3538 822 3584 ad
842 3535 984 3588 libros
1006 3539 1527 3607 seqq..

1877 3638 2093 3686 mum·
