<?xml version="1.0" encoding="UTF-8"?>
<!DOCTYPE html PUBLIC "-//W3C//DTD XHTML 1.0 Transitional//EN"
    "http://www.w3.org/TR/xhtml1/DTD/xhtml1-transitional.dtd">
<html xmlns="http://www.w3.org/1999/xhtml" xml:lang="en" lang="en">
 <head>
  <title>
</title>
<meta http-equiv="Content-Type" content="text/html;charset=utf-8" />
  <meta name='ocr-system' content='tesseract 3.04.00' />
  <meta name='ocr-capabilities' content='ocr_page ocr_carea ocr_par ocr_line ocrx_word'/>
</head>
<body>
  <div class='ocr_page' id='page_1' title='image "./operavarietatele02virguoft/operavarietatele02virguoft_0108.png"; bbox 0 0 2372 4030; ppageno 0'>
   <div class='ocr_carea' id='block_1_1' title="bbox 446 360 550 437">
    <p class='ocr_par' dir='ltr' id='par_1_1' title="bbox 446 360 550 437">
     <span class='ocr_line' id='line_1_1' title="bbox 446 360 550 437; baseline 0 -20"><span class='ocrx_word' id='word_1_1' title='bbox 446 360 550 437; x_wconf 68' lang='grc' dir='ltr'>ιι,</span> 
     </span>
    </p>
   </div>
   <div class='ocr_carea' id='block_1_2' title="bbox 646 346 1831 420">
    <p class='ocr_par' dir='ltr' id='par_1_2' title="bbox 646 346 1831 420">
     <span class='ocr_line' id='line_1_2' title="bbox 646 346 1831 420; baseline -0.004 -9"><span class='ocrx_word' id='word_1_2' title='bbox 646 348 717 411; x_wconf 88' lang='grc' dir='ltr'>Ρ.</span> <span class='ocrx_word' id='word_1_3' title='bbox 777 346 1264 420; x_wconf 69' lang='lat' dir='ltr'>VIRGILII</span> <span class='ocrx_word' id='word_1_4' title='bbox 1317 346 1831 411; x_wconf 58' lang='lat' dir='ltr'>‘MARONIS</span> 
     </span>
    </p>
   </div>
   <div class='ocr_carea' id='block_1_3' title="bbox 412 514 1941 714">
    <p class='ocr_par' dir='ltr' id='par_1_3' title="bbox 412 514 1941 714">
     <span class='ocr_line' id='line_1_3' title="bbox 444 514 1941 598; baseline -0.001 -21"><span class='ocrx_word' id='word_1_5' title='bbox 444 517 605 577; x_wconf 88' lang='lat' dir='ltr'>Haec</span> <span class='ocrx_word' id='word_1_6' title='bbox 635 516 871 578; x_wconf 87' lang='lat' dir='ltr'>secum:</span> <span class='ocrx_word' id='word_1_7' title='bbox 916 515 1104 577; x_wconf 85' lang='lat' dir='ltr'>Mene</span> <span class='ocrx_word' id='word_1_8' title='bbox 1132 515 1374 595; x_wconf 80' lang='lat' dir='ltr'>incepto</span> <span class='ocrx_word' id='word_1_9' title='bbox 1388 514 1673 598; x_wconf 69' lang='lat' dir='ltr'>¹desistere</span> <span class='ocrx_word' id='word_1_10' title='bbox 1700 516 1941 590; x_wconf 60' lang='lat' dir='ltr'>vidiant,</span> 
     </span>
     <span class='ocr_line' id='line_1_4' title="bbox 412 623 1935 714; baseline -0.003 -20"><span class='ocrx_word' id='word_1_11' title='bbox 412 635 578 694; x_wconf 90' lang='lat' dir='ltr'>·Nec</span> <span class='ocrx_word' id='word_1_12' title='bbox 605 631 768 714; x_wconf 83' lang='lat' dir='ltr'>posse</span> <span class='ocrx_word' id='word_1_13' title='bbox 797 631 970 693; x_wconf 85' lang='lat' dir='ltr'>Italia</span> <span class='ocrx_word' id='word_1_14' title='bbox 997 623 1374 691; x_wconf 74' lang='lat' dir='ltr'>Teucrorum</span> <span class='ocrx_word' id='word_1_15' title='bbox 1401 646 1667 692; x_wconf 81' lang='lat' dir='ltr'>avertere</span> <span class='ocrx_word' id='word_1_16' title='bbox 1691 631 1935 712; x_wconf 68' lang='lat' dir='ltr'>regem?</span> 
     </span>
    </p>
   </div>
   <div class='ocr_carea' id='block_1_4' title="bbox 446 745 1068 830">
    <p class='ocr_par' dir='ltr' id='par_1_4' title="bbox 446 745 1068 830">
     <span class='ocr_line' id='line_1_5' title="bbox 446 745 1068 830; baseline -0.008 -21"><span class='ocrx_word' id='word_1_17' title='bbox 446 750 697 830; x_wconf 81' lang='lat' dir='ltr'>Qippe</span> <span class='ocrx_word' id='word_1_18' title='bbox 719 761 886 807; x_wconf 89' lang='lat' dir='ltr'>vetor</span> <span class='ocrx_word' id='word_1_19' title='bbox 912 745 1068 805; x_wconf 83' lang='lat' dir='ltr'>fatis.</span> 
     </span>
    </p>
   </div>
   <div class='ocr_carea' id='block_1_5' title="bbox 1155 736 1955 809">
    <p class='ocr_par' dir='ltr' id='par_1_5' title="bbox 1155 736 1955 809">
     <span class='ocr_line' id='line_1_6' title="bbox 1155 736 1955 809; baseline 0 -3"><span class='ocrx_word' id='word_1_20' title='bbox 1155 745 1419 806; x_wconf 79' lang='lat' dir='ltr'>Pallasne</span> <span class='ocrx_word' id='word_1_21' title='bbox 1446 736 1692 807; x_wconf 80' lang='lat' dir='ltr'>exurere.</span> <span class='ocrx_word' id='word_1_22' title='bbox 1717 744 1955 809; x_wconf 84' lang='lat' dir='ltr'>claffem</span> 
     </span>
    </p>
   </div>
   <div class='ocr_carea' id='block_1_6' title="bbox 445 857 2097 942">
    <p class='ocr_par' dir='ltr' id='par_1_6' title="bbox 445 857 2097 942">
     <span class='ocr_line' id='line_1_7' title="bbox 445 857 2097 942; baseline -0.002 -21"><span class='ocrx_word' id='word_1_23' title='bbox 445 861 767 942; x_wconf 85' lang='lat' dir='ltr'>Argivum,</span> <span class='ocrx_word' id='word_1_24' title='bbox 783 875 960 940; x_wconf 86' lang='lat' dir='ltr'>atque</span> <span class='ocrx_word' id='word_1_25' title='bbox 986 857 1142 938; x_wconf 86' lang='lat' dir='ltr'>ipsos</span> <span class='ocrx_word' id='word_1_26' title='bbox 1161 859 1360 938; x_wconf 87' lang='lat' dir='ltr'>potuit</span> <span class='ocrx_word' id='word_1_27' title='bbox 1386 858 1764 940; x_wconf 85' lang='lat' dir='ltr'>submergere</span> <span class='ocrx_word' id='word_1_28' title='bbox 1785 875 1992 940; x_wconf 80' lang='lat' dir='ltr'>ponte,</span> <span class='ocrx_word' id='word_1_29' title='bbox 2015 879 2097 935; x_wconf 74' lang='lat'>40</span> 
     </span>
    </p>
   </div>
   <div class='ocr_carea' id='block_1_7' title="bbox 446 1023 1194 1142">
    <p class='ocr_par' dir='ltr' id='par_1_7' title="bbox 446 1023 1194 1142">
     <span class='ocr_line' id='line_1_8' title="bbox 503 1023 1194 1080; baseline 0 -16"><span class='ocrx_word' id='word_1_30' title='bbox 503 1023 570 1074; x_wconf 85' lang='lat'>38.</span> <span class='ocrx_word' id='word_1_31' title='bbox 602 1025 682 1064; x_wconf 89' lang='lat' dir='ltr'>Nec</span> <span class='ocrx_word' id='word_1_32' title='bbox 694 1024 823 1080; x_wconf 76' lang='lat' dir='ltr'>peffem</span> <span class='ocrx_word' id='word_1_33' title='bbox 841 1024 1038 1064; x_wconf 82' lang='lat' dir='ltr'>Rottend.</span> <span class='ocrx_word' id='word_1_34' title='bbox 1061 1023 1134 1064; x_wconf 86' lang='lat' dir='ltr'>sec.</span> <span class='ocrx_word' id='word_1_35' title='bbox 1154 1040 1194 1063; x_wconf 88' lang='lat' dir='ltr'>no</span> 
     </span>
     <span class='ocr_line' id='line_1_9' title="bbox 446 1090 923 1142; baseline -0.002 -13"><span class='ocrx_word' id='word_1_36' title='bbox 446 1098 518 1130; x_wconf 73' lang='lat' dir='ltr'>tere</span> <span class='ocrx_word' id='word_1_37' title='bbox 537 1090 664 1129; x_wconf 86' lang='lat' dir='ltr'>Goth.</span> <span class='ocrx_word' id='word_1_38' title='bbox 683 1103 744 1142; x_wconf 86' lang='lat' dir='ltr'>pr.</span> <span class='ocrx_word' id='word_1_39' title='bbox 765 1099 923 1128; x_wconf 81' lang='lat' dir='ltr'>avertere</span> 
     </span>
    </p>
   </div>
   <div class='ocr_carea' id='block_1_8' title="bbox 949 1020 2097 1145">
    <p class='ocr_par' dir='ltr' id='par_1_8' title="bbox 949 1020 2097 1145">
     <span class='ocr_line' id='line_1_10' title="bbox 1195 1020 2097 1079; baseline 0.002 -17"><span class='ocrx_word' id='word_1_40' title='bbox 1195 1041 1217 1062; x_wconf 84' lang='lat' dir='ltr'><em>n</em></span> <span class='ocrx_word' id='word_1_41' title='bbox 1228 1024 1320 1079; x_wconf 82' lang='lat' dir='ltr'>poffe</span> <span class='ocrx_word' id='word_1_42' title='bbox 1339 1025 1483 1078; x_wconf 85' lang='lat' dir='ltr'>Puget.</span> <span class='ocrx_word' id='word_1_43' title='bbox 1503 1032 1543 1063; x_wconf 89' lang='lat' dir='ltr'>et</span> <span class='ocrx_word' id='word_1_44' title='bbox 1563 1022 1614 1063; x_wconf 87' lang='lat' dir='ltr'>fic</span> <span class='ocrx_word' id='word_1_45' title='bbox 1631 1023 1817 1064; x_wconf 74' lang='lat' dir='ltr'>Donatus</span> <span class='ocrx_word' id='word_1_46' title='bbox 1834 1020 1950 1078; x_wconf 84' lang='lat' dir='ltr'>lc&#39;git.</span> <span class='ocrx_word' id='word_1_47' title='bbox 1995 1023 2097 1064; x_wconf 67' lang='lat' dir='ltr'>ever&#39;-</span> 
     </span>
     <span class='ocr_line' id='line_1_11' title="bbox 949 1089 2097 1145; baseline 0.003 -18"><span class='ocrx_word' id='word_1_48' title='bbox 949 1097 1080 1142; x_wconf 79' lang='lat' dir='ltr'>gentem</span> <span class='ocrx_word' id='word_1_49' title='bbox 1100 1098 1180 1134; x_wconf 82' lang='lat' dir='ltr'>tres</span> <span class='ocrx_word' id='word_1_50' title='bbox 1200 1104 1262 1142; x_wconf 79' lang='lat' dir='ltr'>ap.</span> <span class='ocrx_word' id='word_1_51' title='bbox 1284 1092 1420 1130; x_wconf 86' lang='lat' dir='ltr'>Burm.</span> <span class='ocrx_word' id='word_1_52' title='bbox 1444 1099 1485 1129; x_wconf 86' lang='lat' dir='ltr'>et</span> <span class='ocrx_word' id='word_1_53' title='bbox 1505 1089 1631 1129; x_wconf 89' lang='lat' dir='ltr'>Goth.</span> <span class='ocrx_word' id='word_1_54' title='bbox 1661 1098 1757 1129; x_wconf 84' lang='lat' dir='ltr'>tert.</span> <span class='ocrx_word' id='word_1_55' title='bbox 1779 1090 1910 1145; x_wconf 72' lang='lat' dir='ltr'>claffi²m</span> <span class='ocrx_word' id='word_1_56' title='bbox 1933 1090 2097 1138; x_wconf 77' lang='lat' dir='ltr'>Zulich.</span> 
     </span>
    </p>
   </div>
   <div class='ocr_carea' id='block_1_9' title="bbox 447 1153 2100 1272">
    <p class='ocr_par' dir='ltr' id='par_1_9' title="bbox 447 1153 2100 1272">
     <span class='ocr_line' id='line_1_12' title="bbox 447 1153 2100 1209; baseline 0 -16"><span class='ocrx_word' id='word_1_57' title='bbox 447 1166 525 1208; x_wconf 89' lang='lat' dir='ltr'>pro</span> <span class='ocrx_word' id='word_1_58' title='bbox 557 1167 648 1195; x_wconf 79' lang='lat' dir='ltr'>var.</span> <span class='ocrx_word' id='word_1_59' title='bbox 672 1154 829 1194; x_wconf 60' lang='lat' dir='ltr'>lechex</span> <span class='ocrx_word' id='word_1_60' title='bbox 859 1154 975 1193; x_wconf 86' lang='lat' dir='ltr'>versu</span> <span class='ocrx_word' id='word_1_61' title='bbox 1007 1153 1265 1205; x_wconf 84' lang='lat' dir='ltr'>seq.-—-40.</span> <span class='ocrx_word' id='word_1_62' title='bbox 1295 1155 1365 1207; x_wconf 81' lang='lat' dir='ltr'>ipsb</span> <span class='ocrx_word' id='word_1_63' title='bbox 1397 1157 1533 1194; x_wconf 82' lang='lat' dir='ltr'>Graev.</span> <span class='ocrx_word' id='word_1_64' title='bbox 1568 1153 1687 1193; x_wconf 84' lang='lat' dir='ltr'>male.</span> <span class='ocrx_word' id='word_1_65' title='bbox 1735 1159 1851 1207; x_wconf 81' lang='lat' dir='ltr'>potuit</span> <span class='ocrx_word' id='word_1_66' title='bbox 1882 1163 1986 1208; x_wconf 83' lang='lat' dir='ltr'>atque</span> <span class='ocrx_word' id='word_1_67' title='bbox 2014 1157 2100 1209; x_wconf 77' lang='lat' dir='ltr'>ipsos</span> 
     </span>
     <span class='ocr_line' id='line_1_13' title="bbox 448 1217 1846 1272; baseline -0.002 -12"><span class='ocrx_word' id='word_1_68' title='bbox 448 1229 544 1262; x_wconf 82' lang='lat' dir='ltr'>tert.</span> <span class='ocrx_word' id='word_1_69' title='bbox 564 1221 721 1260; x_wconf 89' lang='lat' dir='ltr'>Moret.</span> <span class='ocrx_word' id='word_1_70' title='bbox 764 1220 976 1272; x_wconf 81' lang='lat' dir='ltr'>subvergere</span> <span class='ocrx_word' id='word_1_71' title='bbox 992 1231 1094 1258; x_wconf 87' lang='lat' dir='ltr'>unus</span> <span class='ocrx_word' id='word_1_72' title='bbox 1114 1217 1230 1257; x_wconf 90' lang='lat' dir='ltr'>Leid.</span> <span class='ocrx_word' id='word_1_73' title='bbox 1258 1218 1323 1258; x_wconf 81' lang='lat' dir='ltr'>sed</span> <span class='ocrx_word' id='word_1_74' title='bbox 1342 1218 1457 1272; x_wconf 84' lang='lat' dir='ltr'>super</span> <span class='ocrx_word' id='word_1_75' title='bbox 1439 1218 1604 1272; x_wconf 84' lang='lat' dir='ltr'>rsc1cripto</span> <span class='ocrx_word' id='word_1_76' title='bbox 1624 1217 1846 1261; x_wconf 76' lang='lat' dir='ltr'>altero..</span> 
     </span>
    </p>
   </div>
   <div class='ocr_carea' id='block_1_10' title="bbox 448 1339 1248 3196">
    <p class='ocr_par' dir='ltr' id='par_1_10' title="bbox 448 1339 1244 2475">
     <span class='ocr_line' id='line_1_14' title="bbox 452 1339 1237 1426; baseline -0.001 -16"><span class='ocrx_word' id='word_1_77' title='bbox 452 1366 541 1410; x_wconf 81' lang='lat'>281</span> <span class='ocrx_word' id='word_1_78' title='bbox 592 1361 714 1426; x_wconf 89' lang='lat' dir='ltr'>sqq.,</span> <span class='ocrx_word' id='word_1_79' title='bbox 754 1362 832 1410; x_wconf 82' lang='lat' dir='ltr'>ubi</span> <span class='ocrx_word' id='word_1_80' title='bbox 875 1362 1029 1410; x_wconf 87' lang='lat' dir='ltr'>fimilis</span> <span class='ocrx_word' id='word_1_81' title='bbox 1085 1339 1237 1411; x_wconf 87' lang='lat' dir='ltr'>oratio</span> 
     </span>
     <span class='ocr_line' id='line_1_15' title="bbox 449 1428 1238 1492; baseline -0.001 -15"><span class='ocrx_word' id='word_1_82' title='bbox 449 1428 684 1492; x_wconf 78' lang='lat' dir='ltr'>Neptuni.</span> <span class='ocrx_word' id='word_1_83' title='bbox 773 1428 901 1476; x_wconf 87' lang='lat' dir='ltr'>Hinc</span> <span class='ocrx_word' id='word_1_84' title='bbox 946 1429 1095 1476; x_wconf 87' lang='lat' dir='ltr'>nullus</span> <span class='ocrx_word' id='word_1_85' title='bbox 1140 1428 1238 1476; x_wconf 90' lang='lat' dir='ltr'>fere</span> 
     </span>
     <span class='ocr_line' id='line_1_16' title="bbox 449 1493 1238 1558; baseline 0.001 -18"><span class='ocrx_word' id='word_1_86' title='bbox 449 1495 514 1547; x_wconf 79' lang='lat' dir='ltr'>est</span> <span class='ocrx_word' id='word_1_87' title='bbox 538 1494 692 1557; x_wconf 72' lang='lat' dir='ltr'>poeta.</span> <span class='ocrx_word' id='word_1_88' title='bbox 730 1494 810 1558; x_wconf 87' lang='lat' dir='ltr'>qui</span> <span class='ocrx_word' id='word_1_89' title='bbox 837 1511 929 1541; x_wconf 88' lang='lat' dir='ltr'>non</span> <span class='ocrx_word' id='word_1_90' title='bbox 956 1494 1153 1544; x_wconf 87' lang='lat' dir='ltr'>eundem</span> <span class='ocrx_word' id='word_1_91' title='bbox 1179 1493 1238 1542; x_wconf 88' lang='lat' dir='ltr'>ad</span> 
     </span>
     <span class='ocr_line' id='line_1_17' title="bbox 448 1558 1239 1621; baseline -0.003 -13"><span class='ocrx_word' id='word_1_92' title='bbox 448 1558 643 1608; x_wconf 88' lang='lat' dir='ltr'>modum</span> <span class='ocrx_word' id='word_1_93' title='bbox 666 1559 782 1607; x_wconf 85' lang='lat' dir='ltr'>iram</span> <span class='ocrx_word' id='word_1_94' title='bbox 818 1559 1013 1621; x_wconf 81' lang='lat' dir='ltr'>alicujus</span> <span class='ocrx_word' id='word_1_95' title='bbox 1042 1559 1131 1612; x_wconf 64' lang='lat' dir='ltr'>⁴dei</span> <span class='ocrx_word' id='word_1_96' title='bbox 1154 1560 1239 1607; x_wconf 89' lang='lat' dir='ltr'>fin-</span> 
     </span>
     <span class='ocr_line' id='line_1_18' title="bbox 449 1625 1239 1687; baseline -0.001 -14"><span class='ocrx_word' id='word_1_97' title='bbox 449 1625 587 1673; x_wconf 79' lang='lat' dir='ltr'>xerit.</span> <span class='ocrx_word' id='word_1_98' title='bbox 675 1625 883 1672; x_wconf 84' lang='lat' dir='ltr'>Similem</span> <span class='ocrx_word' id='word_1_99' title='bbox 928 1625 1106 1687; x_wconf 88' lang='lat' dir='ltr'>prorsus</span> <span class='ocrx_word' id='word_1_100' title='bbox 1167 1626 1239 1672; x_wconf 88' lang='lat' dir='ltr'>lo-</span> 
     </span>
     <span class='ocr_line' id='line_1_19' title="bbox 451 1689 1238 1744; baseline -0.003 -6"><span class='ocrx_word' id='word_1_101' title='bbox 451 1706 561 1738; x_wconf 91' lang='lat' dir='ltr'>cum</span> <span class='ocrx_word' id='word_1_102' title='bbox 609 1689 791 1738; x_wconf 88' lang='lat' dir='ltr'>videbis</span> <span class='ocrx_word' id='word_1_103' title='bbox 854 1689 939 1736; x_wconf 87' lang='lat' dir='ltr'>inf.</span> <span class='ocrx_word' id='word_1_104' title='bbox 979 1690 1064 1737; x_wconf 89' lang='lat' dir='ltr'>lib.</span> <span class='ocrx_word' id='word_1_105' title='bbox 1118 1691 1238 1744; x_wconf 93' lang='lat' dir='ltr'>VII,</span> 
     </span>
     <span class='ocr_line' id='line_1_20' title="bbox 452 1756 1240 1819; baseline 0 -15"><span class='ocrx_word' id='word_1_106' title='bbox 452 1756 748 1819; x_wconf 74' lang='lat'><strong>286—3203</strong></span> <span class='ocrx_word' id='word_1_107' title='bbox 784 1771 922 1818; x_wconf 88' lang='lat' dir='ltr'>quem</span> <span class='ocrx_word' id='word_1_108' title='bbox 958 1756 1240 1817; x_wconf 67' lang='lat' dir='ltr'>comparasse</span> 
     </span>
     <span class='ocr_line' id='line_1_21' title="bbox 451 1820 1241 1884; baseline -0.001 -15"><span class='ocrx_word' id='word_1_109' title='bbox 451 1838 547 1870; x_wconf 84' lang='lat' dir='ltr'>non</span> <span class='ocrx_word' id='word_1_110' title='bbox 577 1820 839 1883; x_wconf 85' lang='lat' dir='ltr'>poenitebit.</span> <span class='ocrx_word' id='word_1_111' title='bbox 925 1822 1002 1869; x_wconf 86' lang='lat' dir='ltr'>Ex</span> <span class='ocrx_word' id='word_1_112' title='bbox 1043 1833 1241 1884; x_wconf 86' lang='lat' dir='ltr'>utroque</span> 
     </span>
     <span class='ocr_line' id='line_1_22' title="bbox 452 1885 1243 1950; baseline -0.004 -14"><span class='ocrx_word' id='word_1_113' title='bbox 452 1887 628 1937; x_wconf 85' lang='lat' dir='ltr'>Bacchi</span> <span class='ocrx_word' id='word_1_114' title='bbox 675 1886 788 1950; x_wconf 84' lang='lat' dir='ltr'>Jovi</span> <span class='ocrx_word' id='word_1_115' title='bbox 830 1885 1048 1949; x_wconf 84' lang='lat' dir='ltr'>supplicis</span> <span class='ocrx_word' id='word_1_116' title='bbox 1099 1888 1243 1934; x_wconf 85' lang='lat' dir='ltr'>verba</span> 
     </span>
     <span class='ocr_line' id='line_1_23' title="bbox 453 1951 1240 2000; baseline -0.001 0"><span class='ocrx_word' id='word_1_117' title='bbox 453 1953 588 2000; x_wconf 81' lang='lat' dir='ltr'>finxit</span> <span class='ocrx_word' id='word_1_118' title='bbox 631 1951 803 1999; x_wconf 83' lang='lat' dir='ltr'>Statius</span> <span class='ocrx_word' id='word_1_119' title='bbox 844 1952 925 1997; x_wconf 88' lang='lat' dir='ltr'>lib.</span> <span class='ocrx_word' id='word_1_120' title='bbox 960 1951 1059 2000; x_wconf 93' lang='lat' dir='ltr'>VII</span> <span class='ocrx_word' id='word_1_121' title='bbox 1082 1952 1240 1999; x_wconf 87' lang='lat' dir='ltr'>Theb.</span> 
     </span>
     <span class='ocr_line' id='line_1_24' title="bbox 460 2017 1243 2083; baseline -0.005 -15"><span class='ocrx_word' id='word_1_122' title='bbox 460 2033 546 2083; x_wconf 84' lang='lat'>151</span> <span class='ocrx_word' id='word_1_123' title='bbox 587 2017 653 2080; x_wconf 92' lang='lat' dir='ltr'>sq.</span> <span class='ocrx_word' id='word_1_124' title='bbox 707 2021 794 2065; x_wconf 84' lang='lat'>182</span> <span class='ocrx_word' id='word_1_125' title='bbox 841 2017 935 2081; x_wconf 89' lang='lat' dir='ltr'>seq.</span> <span class='ocrx_word' id='word_1_126' title='bbox 1006 2017 1243 2065; x_wconf 80' lang='lat' dir='ltr'>Caeterum</span> 
     </span>
     <span class='ocr_line' id='line_1_25' title="bbox 453 2080 1243 2158; baseline -0.003 -27"><span class='ocrx_word' id='word_1_127' title='bbox 453 2082 657 2158; x_wconf 82' lang='lat' dir='ltr'>legenda</span> <span class='ocrx_word' id='word_1_128' title='bbox 679 2083 775 2129; x_wconf 85' lang='lat' dir='ltr'>haec</span> <span class='ocrx_word' id='word_1_129' title='bbox 809 2080 911 2129; x_wconf 84' lang='lat' dir='ltr'>sunt</span> <span class='ocrx_word' id='word_1_130' title='bbox 932 2082 1141 2131; x_wconf 84' lang='lat' dir='ltr'>oratione</span> <span class='ocrx_word' id='word_1_131' title='bbox 1159 2099 1243 2147; x_wconf 89' lang='lat' dir='ltr'>per</span> 
     </span>
     <span class='ocr_line' id='line_1_26' title="bbox 454 2147 1243 2211; baseline 0 -15"><span class='ocrx_word' id='word_1_132' title='bbox 454 2166 537 2196; x_wconf 79' lang='lat' dir='ltr'>irae</span> <span class='ocrx_word' id='word_1_133' title='bbox 560 2159 606 2196; x_wconf 90' lang='lat' dir='ltr'>et</span> <span class='ocrx_word' id='word_1_134' title='bbox 643 2147 979 2211; x_wconf 83' lang='lat' dir='ltr'>indignationis</span> <span class='ocrx_word' id='word_1_135' title='bbox 1015 2148 1243 2210; x_wconf 87' lang='lat' dir='ltr'>impetum</span> 
     </span>
     <span class='ocr_line' id='line_1_27' title="bbox 452 2213 1244 2279; baseline 0 -18"><span class='ocrx_word' id='word_1_136' title='bbox 452 2214 746 2279; x_wconf 86' lang='lat' dir='ltr'>intercepta·</span> <span class='ocrx_word' id='word_1_137' title='bbox 816 2227 867 2260; x_wconf 92' lang='lat' dir='ltr'>ut</span> <span class='ocrx_word' id='word_1_138' title='bbox 933 2213 1127 2262; x_wconf 86' lang='lat' dir='ltr'>solemus</span> <span class='ocrx_word' id='word_1_139' title='bbox 1194 2214 1244 2261; x_wconf 91' lang='lat' dir='ltr'>in</span> 
     </span>
     <span class='ocr_line' id='line_1_28' title="bbox 454 2277 1241 2345; baseline -0.003 -17"><span class='ocrx_word' id='word_1_140' title='bbox 454 2296 631 2345; x_wconf 86' lang='lat' dir='ltr'>magno</span> <span class='ocrx_word' id='word_1_141' title='bbox 686 2277 830 2326; x_wconf 87' lang='lat' dir='ltr'>animi</span> <span class='ocrx_word' id='word_1_142' title='bbox 886 2291 1016 2327; x_wconf 89' lang='lat' dir='ltr'>motu</span> <span class='ocrx_word' id='word_1_143' title='bbox 1071 2279 1241 2344; x_wconf 87' lang='lat' dir='ltr'>eloqui.</span> 
     </span>
     <span class='ocr_line' id='line_1_29' title="bbox 454 2343 1241 2408; baseline -0.001 -15"><span class='ocrx_word' id='word_1_144' title='bbox 454 2350 630 2393; x_wconf 65' lang='lat' dir='ltr'>vittam</span> <span class='ocrx_word' id='word_1_145' title='bbox 651 2345 836 2408; x_wconf 67' lang='lat' dir='ltr'>poetica</span> <span class='ocrx_word' id='word_1_146' title='bbox 856 2346 992 2408; x_wconf 83' lang='lat' dir='ltr'>copia</span> <span class='ocrx_word' id='word_1_147' title='bbox 1007 2343 1241 2406; x_wconf 87' lang='lat' dir='ltr'>adjicitur.</span> 
     </span>
     <span class='ocr_line' id='line_1_30' title="bbox 454 2410 1112 2475; baseline -0.003 -15"><span class='ocrx_word' id='word_1_148' title='bbox 454 2410 714 2461; x_wconf 72' lang='lat' dir='ltr'>Teucrorum</span> <span class='ocrx_word' id='word_1_149' title='bbox 742 2428 896 2475; x_wconf 85' lang='lat' dir='ltr'>regem,</span> <span class='ocrx_word' id='word_1_150' title='bbox 929 2410 1112 2459; x_wconf 89' lang='lat' dir='ltr'>ducem.</span> 
     </span>
    </p>

    <p class='ocr_par' dir='ltr' id='par_1_11' title="bbox 455 2476 1248 3196">
     <span class='ocr_line' id='line_1_31' title="bbox 530 2476 1244 2541; baseline -0.002 -16.953"><span class='ocrx_word' id='word_1_151' title='bbox 530 2494 589 2541; x_wconf 88' lang='lat'>39</span> <span class='ocrx_word' id='word_1_152' title='bbox 613 2476 711 2539; x_wconf 80' lang='lat' dir='ltr'>sqq.</span> <span class='ocrx_word' id='word_1_153' title='bbox 749 2476 910 2524; x_wconf 89' lang='lat' dir='ltr'>Potuit</span> <span class='ocrx_word' id='word_1_154' title='bbox 947 2489 1104 2524; x_wconf 89' lang='lat' dir='ltr'>tamen</span> <span class='ocrx_word' id='word_1_155' title='bbox 1137 2476 1244 2524; x_wconf 87' lang='lat' dir='ltr'>Pal-</span> 
     </span>
     <span class='ocr_line' id='line_1_32' title="bbox 457 2541 1243 2606; baseline -0.001 -16"><span class='ocrx_word' id='word_1_156' title='bbox 457 2542 546 2595; x_wconf 81' lang='lat' dir='ltr'>las,</span> <span class='ocrx_word' id='word_1_157' title='bbox 603 2542 680 2589; x_wconf 89' lang='lat' dir='ltr'>vel</span> <span class='ocrx_word' id='word_1_158' title='bbox 723 2555 885 2589; x_wconf 87' lang='lat' dir='ltr'>contra</span> <span class='ocrx_word' id='word_1_159' title='bbox 926 2541 1028 2590; x_wconf 84' lang='lat' dir='ltr'>fata</span> <span class='ocrx_word' id='word_1_160' title='bbox 1081 2543 1153 2606; x_wconf 91' lang='lat' dir='ltr'>(h</span> <span class='ocrx_word' id='word_1_161' title='bbox 1199 2559 1243 2589; x_wconf 91' lang='lat' dir='ltr'>e.</span> 
     </span>
     <span class='ocr_line' id='line_1_33' title="bbox 457 2606 1246 2734; baseline 0.001 -13"><span class='ocrx_word' id='word_1_162' title='bbox 457 2606 897 2734; x_wconf 52' lang='grc' dir='ltr'>ἒῖᾼῖωέὲῖιῑῖἶῗῗὲῗ,</span> <span class='ocrx_word' id='word_1_163' title='bbox 927 2606 1246 2722; x_wconf 53' lang='grc' dir='ltr'>Γῗέἷιῗὶοἶίἷὲ</span> 
     </span>
     <span class='ocr_line' id='line_1_34' title="bbox 455 2738 1245 2803; baseline -0.001 -16"><span class='ocrx_word' id='word_1_164' title='bbox 455 2739 640 2788; x_wconf 81' lang='lat' dir='ltr'>claffem</span> <span class='ocrx_word' id='word_1_165' title='bbox 665 2738 865 2786; x_wconf 86' lang='lat' dir='ltr'>coelesti</span> <span class='ocrx_word' id='word_1_166' title='bbox 854 2755 957 2803; x_wconf 82' lang='lat' dir='ltr'>lgm</span> <span class='ocrx_word' id='word_1_167' title='bbox 973 2738 1245 2786; x_wconf 87' lang='lat' dir='ltr'>comburere</span> 
     </span>
     <span class='ocr_line' id='line_1_35' title="bbox 459 2804 1247 2868; baseline 0 -17"><span class='ocrx_word' id='word_1_168' title='bbox 459 2817 510 2851; x_wconf 81' lang='lat' dir='ltr'>et</span> <span class='ocrx_word' id='word_1_169' title='bbox 548 2804 756 2852; x_wconf 67' lang='lat' dir='ltr'>fluc’tibus</span> <span class='ocrx_word' id='word_1_170' title='bbox 795 2804 1078 2868; x_wconf 85' lang='lat' dir='ltr'>opprimere,</span> <span class='ocrx_word' id='word_1_171' title='bbox 1113 2804 1247 2852; x_wconf 89' lang='lat' dir='ltr'>unius</span> 
     </span>
     <span class='ocr_line' id='line_1_36' title="bbox 461 2869 1248 2933; baseline 0 -15"><span class='ocrx_word' id='word_1_172' title='bbox 461 2870 626 2933; x_wconf 80' lang='lat' dir='ltr'>Ajacis</span> <span class='ocrx_word' id='word_1_173' title='bbox 665 2869 914 2919; x_wconf 77' lang='lat' dir='ltr'>ulciscendi</span> <span class='ocrx_word' id='word_1_174' title='bbox 935 2870 1099 2918; x_wconf 74' lang='lat' dir='ltr'>caussa.</span> <span class='ocrx_word' id='word_1_175' title='bbox 1170 2871 1248 2918; x_wconf 91' lang='lat' dir='ltr'>Ab</span> 
     </span>
     <span class='ocr_line' id='line_1_37' title="bbox 462 2935 1247 2999; baseline -0.001 -15"><span class='ocrx_word' id='word_1_176' title='bbox 462 2935 690 2999; x_wconf 82' lang='lat' dir='ltr'>Euripide</span> <span class='ocrx_word' id='word_1_177' title='bbox 712 2936 811 2983; x_wconf 87' lang='lat' dir='ltr'>haec</span> <span class='ocrx_word' id='word_1_178' title='bbox 835 2935 981 2989; x_wconf 85' lang='lat' dir='ltr'>sumta</span> <span class='ocrx_word' id='word_1_179' title='bbox 1004 2937 1110 2990; x_wconf 85' lang='lat' dir='ltr'>effe,</span> <span class='ocrx_word' id='word_1_180' title='bbox 1133 2935 1247 2983; x_wconf 83' lang='lat' dir='ltr'>Ma-</span> 
     </span>
     <span class='ocr_line' id='line_1_38' title="bbox 460 3001 1246 3054; baseline -0.001 -5"><span class='ocrx_word' id='word_1_181' title='bbox 460 3001 591 3049; x_wconf 86' lang='lat' dir='ltr'>crob.</span> <span class='ocrx_word' id='word_1_182' title='bbox 624 3001 673 3049; x_wconf 92' lang='lat' dir='ltr'>V</span> <span class='ocrx_word' id='word_1_183' title='bbox 708 3002 806 3049; x_wconf 86' lang='lat' dir='ltr'>Sat.</span> <span class='ocrx_word' id='word_1_184' title='bbox 842 3018 884 3048; x_wconf 90' lang='lat' dir='ltr'>c.</span> <span class='ocrx_word' id='word_1_185' title='bbox 925 3012 1049 3054; x_wconf 56' lang='lat' dir='ltr'>extr,</span> <span class='ocrx_word' id='word_1_186' title='bbox 1071 3012 1246 3049; x_wconf 83' lang='lat' dir='ltr'>monet.</span> 
     </span>
     <span class='ocr_line' id='line_1_39' title="bbox 460 3065 1248 3131; baseline -0.001 -16"><span class='ocrx_word' id='word_1_187' title='bbox 460 3067 595 3115; x_wconf 85' lang='lat' dir='ltr'>Male</span> <span class='ocrx_word' id='word_1_188' title='bbox 627 3066 818 3118; x_wconf 81' lang='lat' dir='ltr'>Ursinus</span> <span class='ocrx_word' id='word_1_189' title='bbox 853 3065 914 3114; x_wconf 87' lang='lat' dir='ltr'>ad</span> <span class='ocrx_word' id='word_1_190' title='bbox 948 3069 1126 3131; x_wconf 66' lang='lat' dir='ltr'>Ajacem</span> <span class='ocrx_word' id='word_1_191' title='bbox 1162 3067 1248 3114; x_wconf 77' lang='lat'><strong>02·-</strong></span> 
     </span>
     <span class='ocr_line' id='line_1_40' title="bbox 460 3131 1245 3196; baseline 0.001 -16"><span class='ocrx_word' id='word_1_192' title='bbox 460 3133 569 3181; x_wconf 83' lang='lat' dir='ltr'>leum</span> <span class='ocrx_word' id='word_1_193' title='bbox 591 3132 795 3183; x_wconf 84' lang='lat' dir='ltr'>fabulam</span> <span class='ocrx_word' id='word_1_194' title='bbox 816 3131 1119 3196; x_wconf 75' lang='lat' dir='ltr'>Euripideam</span> <span class='ocrx_word' id='word_1_195' title='bbox 1135 3148 1245 3196; x_wconf 90' lang='lat' dir='ltr'>pro-</span> 
     </span>
    </p>
   </div>
   <div class='ocr_carea' id='block_1_11' title="bbox 364 3197 1249 3263">
    <p class='ocr_par' dir='ltr' id='par_1_12' title="bbox 364 3197 1249 3263">
     <span class='ocr_line' id='line_1_41' title="bbox 364 3197 1249 3263; baseline 0 -18"><span class='ocrx_word' id='word_1_196' title='bbox 364 3213 366 3218; x_wconf 55' lang='lat'>‘</span> <span class='ocrx_word' id='word_1_197' title='bbox 461 3209 622 3253; x_wconf 83' lang='lat' dir='ltr'>vocat,</span> <span class='ocrx_word' id='word_1_198' title='bbox 678 3215 781 3263; x_wconf 87' lang='lat' dir='ltr'>quae</span> <span class='ocrx_word' id='word_1_199' title='bbox 831 3198 957 3246; x_wconf 87' lang='lat' dir='ltr'>nulla</span> <span class='ocrx_word' id='word_1_200' title='bbox 1010 3198 1118 3262; x_wconf 64' lang='lat' dir='ltr'>fuit,</span> <span class='ocrx_word' id='word_1_201' title='bbox 1171 3197 1249 3246; x_wconf 84' lang='lat' dir='ltr'>sed</span> 
     </span>
    </p>
   </div>
   <div class='ocr_carea' id='block_1_12' title="bbox 461 3263 1251 3590">
    <p class='ocr_par' dir='ltr' id='par_1_13' title="bbox 461 3263 1249 3588">
     <span class='ocr_line' id='line_1_42' title="bbox 461 3263 1249 3326; baseline 0 -16"><span class='ocrx_word' id='word_1_202' title='bbox 461 3264 607 3319; x_wconf 73' lang='grc' dir='ltr'><strong><em>Οἷλεὺς</em></strong></span> <span class='ocrx_word' id='word_1_203' title='bbox 624 3263 803 3311; x_wconf 73' lang='lat' dir='ltr'>credita</span> <span class='ocrx_word' id='word_1_204' title='bbox 826 3263 931 3318; x_wconf 82' lang='lat' dir='ltr'>fuit,</span> <span class='ocrx_word' id='word_1_205' title='bbox 966 3280 1069 3326; x_wconf 73' lang='lat' dir='ltr'>quae</span> <span class='ocrx_word' id='word_1_206' title='bbox 1105 3264 1249 3313; x_wconf 65' lang='grc' dir='ltr'>Σολεὺς</span> 
     </span>
     <span class='ocr_line' id='line_1_43' title="bbox 461 3327 1251 3393; baseline 0.003 -17"><span class='ocrx_word' id='word_1_207' title='bbox 461 3327 561 3393; x_wconf 89' lang='lat' dir='ltr'>legi</span> <span class='ocrx_word' id='word_1_208' title='bbox 582 3328 740 3383; x_wconf 88' lang='lat' dir='ltr'>debet,</span> <span class='ocrx_word' id='word_1_209' title='bbox 759 3341 809 3377; x_wconf 90' lang='lat' dir='ltr'>ut</span> <span class='ocrx_word' id='word_1_210' title='bbox 823 3329 1056 3381; x_wconf 85' lang='lat' dir='ltr'>Heathius</span> <span class='ocrx_word' id='word_1_211' title='bbox 1069 3329 1132 3378; x_wconf 91' lang='lat' dir='ltr'>V.</span> <span class='ocrx_word' id='word_1_212' title='bbox 1152 3329 1251 3386; x_wconf 74' lang='lat' dir='ltr'>Cl„</span> 
     </span>
     <span class='ocr_line' id='line_1_44' title="bbox 461 3393 1248 3469; baseline 0 -28"><span class='ocrx_word' id='word_1_213' title='bbox 461 3393 638 3444; x_wconf 85' lang='lat' dir='ltr'>docuit.</span> <span class='ocrx_word' id='word_1_214' title='bbox 724 3395 826 3458; x_wconf 81' lang='lat' dir='ltr'>(Ex</span> <span class='ocrx_word' id='word_1_215' title='bbox 858 3411 915 3443; x_wconf 92' lang='lat' dir='ltr'>eo</span> <span class='ocrx_word' id='word_1_216' title='bbox 953 3410 1074 3448; x_wconf 79' lang='lat' dir='ltr'>nunc</span> <span class='ocrx_word' id='word_1_217' title='bbox 1115 3394 1248 3469; x_wconf 70' lang='lat' dir='ltr'>frag-</span> 
     </span>
     <span class='ocr_line' id='line_1_45' title="bbox 462 3458 1247 3523; baseline 0.004 -18"><span class='ocrx_word' id='word_1_218' title='bbox 462 3471 621 3512; x_wconf 86' lang='lat' dir='ltr'>menta</span> <span class='ocrx_word' id='word_1_219' title='bbox 636 3458 732 3506; x_wconf 83' lang='lat' dir='ltr'>vid.</span> <span class='ocrx_word' id='word_1_220' title='bbox 752 3475 827 3523; x_wconf 86' lang='lat' dir='ltr'>ap.</span> <span class='ocrx_word' id='word_1_221' title='bbox 853 3458 996 3510; x_wconf 85' lang='lat' dir='ltr'>Valk.</span> <span class='ocrx_word' id='word_1_222' title='bbox 1014 3459 1064 3508; x_wconf 83' lang='lat' dir='ltr'>in</span> <span class='ocrx_word' id='word_1_223' title='bbox 1087 3459 1247 3510; x_wconf 81' lang='lat' dir='ltr'>Diatr.</span> 
     </span>
     <span class='ocr_line' id='line_1_46' title="bbox 462 3524 1248 3590; baseline 0.004 -19"><span class='ocrx_word' id='word_1_224' title='bbox 462 3536 511 3572; x_wconf 89' lang='lat' dir='ltr'>et</span> <span class='ocrx_word' id='word_1_225' title='bbox 533 3540 592 3588; x_wconf 84' lang='lat' dir='ltr'>ap</span> <span class='ocrx_word' id='word_1_226' title='bbox 595 3524 882 3588; x_wconf 78' lang='lat' dir='ltr'>Musgrav.</span> <span class='ocrx_word' id='word_1_227' title='bbox 932 3526 1011 3575; x_wconf 88' lang='lat' dir='ltr'>De</span> <span class='ocrx_word' id='word_1_228' title='bbox 1035 3527 1100 3590; x_wconf 84' lang='lat' dir='ltr'>Sy</span> <span class='ocrx_word' id='word_1_229' title='bbox 1101 3526 1176 3575; x_wconf 88' lang='lat' dir='ltr'>leo</span> <span class='ocrx_word' id='word_1_230' title='bbox 1200 3541 1248 3576; x_wconf 86' lang='lat' dir='ltr'><strong>v</strong></span> 
     </span>
    </p>
   </div>
   <div class='ocr_carea' id='block_1_13' title="bbox 462 3541 1263 3670">
    <p class='ocr_par' dir='ltr' id='par_1_14' title="bbox 462 3541 1263 3670">
     <span class='ocr_line' id='line_1_47' title="bbox 462 3541 1263 3670; baseline 0.004 -32"><span class='ocrx_word' id='word_1_231' title='bbox 462 3588 522 3648; x_wconf 81' lang='lat' dir='ltr'>ad</span> <span class='ocrx_word' id='word_1_232' title='bbox 537 3541 758 3659; x_wconf 82' lang='lat' dir='ltr'>Apollod.</span> <span class='ocrx_word' id='word_1_233' title='bbox 745 3605 821 3670; x_wconf 89' lang='lat' dir='ltr'>.p.</span> <span class='ocrx_word' id='word_1_234' title='bbox 840 3591 989 3670; x_wconf 84' lang='lat'>443)</span> <span class='ocrx_word' id='word_1_235' title='bbox 1036 3543 1131 3653; x_wconf 73' lang='lat' dir='ltr'>Sed</span> <span class='ocrx_word' id='word_1_236' title='bbox 1149 3592 1263 3665; x_wconf 59' lang='grc' dir='ltr'>Ειι·ι</span> 
     </span>
    </p>
   </div>
   <div class='ocr_carea' id='block_1_14' title="bbox 479 3707 673 3736">
    <p class='ocr_par' dir='ltr' id='par_1_15' title="bbox 479 3707 673 3736">
     <span class='ocr_line' id='line_1_48' title="bbox 479 3707 673 3736; baseline 0 -10"><span class='ocrx_word' id='word_1_237' title='bbox 479 3707 570 3736; x_wconf 35' lang='grc' dir='ltr'>ἢ..</span> <span class='ocrx_word' id='word_1_238' title='bbox 668 3712 673 3716; x_wconf 68' lang='grc'><strong>“</strong></span> 
     </span>
    </p>
   </div>
   <div class='ocr_carea' id='block_1_15' title="bbox 1288 1359 2105 1427">
    <p class='ocr_par' dir='ltr' id='par_1_16' title="bbox 1288 1359 2105 1427">
     <span class='ocr_line' id='line_1_49' title="bbox 1288 1359 2105 1427; baseline 0.002 -17"><span class='ocrx_word' id='word_1_239' title='bbox 1288 1417 1290 1420; x_wconf 17' lang='lat' dir='ltr'>v</span> <span class='ocrx_word' id='word_1_240' title='bbox 1319 1361 1483 1427; x_wconf 83' lang='lat' dir='ltr'>ripidis</span> <span class='ocrx_word' id='word_1_241' title='bbox 1517 1362 1667 1417; x_wconf 77' lang='lat' dir='ltr'>locuS,</span> <span class='ocrx_word' id='word_1_242' title='bbox 1701 1377 1840 1426; x_wconf 89' lang='lat' dir='ltr'>quem</span> <span class='ocrx_word' id='word_1_243' title='bbox 1871 1359 2105 1426; x_wconf 68' lang='lat' dir='ltr'>Virgilius</span> 
     </span>
    </p>
   </div>
   <div class='ocr_carea' id='block_1_16' title="bbox 1306 1426 2142 3709">
    <p class='ocr_par' dir='ltr' id='par_1_17' title="bbox 1306 1426 2142 3709">
     <span class='ocr_line' id='line_1_50' title="bbox 1319 1426 2101 1494; baseline -0.003 -18"><span class='ocrx_word' id='word_1_244' title='bbox 1319 1428 1544 1494; x_wconf 87' lang='lat' dir='ltr'>respicere</span> <span class='ocrx_word' id='word_1_245' title='bbox 1567 1427 1747 1482; x_wconf 82' lang='lat' dir='ltr'>debuit,</span> <span class='ocrx_word' id='word_1_246' title='bbox 1770 1427 1861 1475; x_wconf 88' lang='lat' dir='ltr'>est</span> <span class='ocrx_word' id='word_1_247' title='bbox 1849 1442 1899 1474; x_wconf 81' lang='lat' dir='ltr'>in</span> <span class='ocrx_word' id='word_1_248' title='bbox 1921 1426 2101 1475; x_wconf 89' lang='lat' dir='ltr'>Troad.</span> 
     </span>
     <span class='ocr_line' id='line_1_51' title="bbox 1319 1490 2107 1558; baseline -0.003 -16"><span class='ocrx_word' id='word_1_249' title='bbox 1319 1511 1368 1543; x_wconf 87' lang='lat' dir='ltr'>v.</span> <span class='ocrx_word' id='word_1_250' title='bbox 1394 1494 1603 1558; x_wconf 79' lang='lat'><em>77--86-</em></span> <span class='ocrx_word' id='word_1_251' title='bbox 1631 1490 1749 1542; x_wconf 87' lang='lat' dir='ltr'>unde</span> <span class='ocrx_word' id='word_1_252' title='bbox 1774 1493 1915 1541; x_wconf 82' lang='lat' dir='ltr'>etiam</span> <span class='ocrx_word' id='word_1_253' title='bbox 1949 1492 2107 1540; x_wconf 78' lang='lat' dir='ltr'>versus</span> 
     </span>
     <span class='ocr_line' id='line_1_52' title="bbox 1322 1558 2106 1625; baseline 0 -18"><span class='ocrx_word' id='word_1_254' title='bbox 1322 1577 1379 1623; x_wconf 87' lang='lat'>23</span> <span class='ocrx_word' id='word_1_255' title='bbox 1417 1559 1467 1623; x_wconf 89' lang='lat' dir='ltr'>sq</span> <span class='ocrx_word' id='word_1_256' title='bbox 1437 1577 1514 1625; x_wconf 78' lang='lat' dir='ltr'>qq</span> <span class='ocrx_word' id='word_1_257' title='bbox 1555 1558 1764 1622; x_wconf 80' lang='lat' dir='ltr'>Virgilio</span> <span class='ocrx_word' id='word_1_258' title='bbox 1807 1570 1914 1611; x_wconf 85' lang='lat' dir='ltr'>ante</span> <span class='ocrx_word' id='word_1_259' title='bbox 1947 1559 2106 1607; x_wconf 89' lang='lat' dir='ltr'>oculos</span> 
     </span>
     <span class='ocr_line' id='line_1_53' title="bbox 1320 1622 2106 1673; baseline 0 -1"><span class='ocrx_word' id='word_1_260' title='bbox 1320 1625 1464 1673; x_wconf 82' lang='lat' dir='ltr'>fuere.</span> <span class='ocrx_word' id='word_1_261' title='bbox 1535 1624 1723 1672; x_wconf 65' lang='lat' dir='ltr'>Fabulae</span> <span class='ocrx_word' id='word_1_262' title='bbox 1757 1622 1925 1672; x_wconf 87' lang='lat' dir='ltr'>fundus</span> <span class='ocrx_word' id='word_1_263' title='bbox 1960 1625 2024 1671; x_wconf 80' lang='lat' dir='ltr'>est</span> <span class='ocrx_word' id='word_1_264' title='bbox 2057 1623 2106 1672; x_wconf 88' lang='lat' dir='ltr'>in</span> 
     </span>
     <span class='ocr_line' id='line_1_54' title="bbox 1319 1689 2109 1753; baseline 0 -15"><span class='ocrx_word' id='word_1_265' title='bbox 1319 1691 1530 1739; x_wconf 89' lang='lat' dir='ltr'>Homero</span> <span class='ocrx_word' id='word_1_266' title='bbox 1553 1690 1718 1753; x_wconf 83' lang='lat' dir='ltr'>Odyff.</span> <span class='ocrx_word' id='word_1_267' title='bbox 1741 1711 1789 1747; x_wconf 65' lang='grc' dir='ltr'>εγ,</span> <span class='ocrx_word' id='word_1_268' title='bbox 1833 1705 1885 1752; x_wconf 84' lang='lat'>13</span> <span class='ocrx_word' id='word_1_269' title='bbox 1862 1706 1918 1752; x_wconf 80' lang='lat'>35</span> <span class='ocrx_word' id='word_1_270' title='bbox 1958 1689 2022 1753; x_wconf 92' lang='lat' dir='ltr'>sq.</span> <span class='ocrx_word' id='word_1_271' title='bbox 2060 1701 2109 1738; x_wconf 79' lang='lat' dir='ltr'>et</span> 
     </span>
     <span class='ocr_line' id='line_1_55' title="bbox 1321 1753 2108 1819; baseline -0.001 -16"><span class='ocrx_word' id='word_1_272' title='bbox 1321 1755 1468 1803; x_wconf 88' lang='lat' dir='ltr'>multo</span> <span class='ocrx_word' id='word_1_273' title='bbox 1490 1754 1704 1818; x_wconf 65' lang='lat' dir='ltr'>magisB,</span> <span class='ocrx_word' id='word_1_274' title='bbox 1740 1771 1834 1819; x_wconf 87' lang='lat'>499</span> <span class='ocrx_word' id='word_1_275' title='bbox 1877 1753 1997 1818; x_wconf 90' lang='lat' dir='ltr'>sqq,</span> <span class='ocrx_word' id='word_1_276' title='bbox 2031 1754 2108 1811; x_wconf 74' lang='lat' dir='ltr'>sed</span> 
     </span>
     <span class='ocr_line' id='line_1_56' title="bbox 1320 1819 2108 1886; baseline 0.001 -18"><span class='ocrx_word' id='word_1_277' title='bbox 1320 1821 1389 1868; x_wconf 91' lang='lat' dir='ltr'>ibi</span> <span class='ocrx_word' id='word_1_278' title='bbox 1434 1821 1656 1882; x_wconf 72' lang='lat' dir='ltr'>Neptuno</span> <span class='ocrx_word' id='word_1_279' title='bbox 1699 1820 1938 1874; x_wconf 81' lang='lat' dir='ltr'>tribuitur,</span> <span class='ocrx_word' id='word_1_280' title='bbox 1981 1819 2108 1886; x_wconf 89' lang='lat' dir='ltr'>quod</span> 
     </span>
     <span class='ocr_line' id='line_1_57' title="bbox 1322 1884 2108 1934; baseline 0 0"><span class='ocrx_word' id='word_1_281' title='bbox 1322 1887 1368 1934; x_wconf 86' lang='lat' dir='ltr'>h.</span> <span class='ocrx_word' id='word_1_282' title='bbox 1393 1887 1427 1934; x_wconf 87' lang='lat' dir='ltr'>l.</span> <span class='ocrx_word' id='word_1_283' title='bbox 1447 1885 1663 1933; x_wconf 87' lang='lat' dir='ltr'>Minerva</span> <span class='ocrx_word' id='word_1_284' title='bbox 1684 1885 1830 1934; x_wconf 79' lang='lat' dir='ltr'>facit:</span> <span class='ocrx_word' id='word_1_285' title='bbox 1879 1884 2010 1934; x_wconf 84' lang='lat' dir='ltr'>Illum</span> <span class='ocrx_word' id='word_1_286' title='bbox 2031 1905 2108 1934; x_wconf 85' lang='lat' dir='ltr'>ex-</span> 
     </span>
     <span class='ocr_line' id='line_1_58' title="bbox 1306 1950 2108 2016; baseline 0 -17"><span class='ocrx_word' id='word_1_287' title='bbox 1306 1953 1550 2015; x_wconf 80' lang='lat' dir='ltr'>spirantem</span> <span class='ocrx_word' id='word_1_288' title='bbox 1560 1978 1626 1988; x_wconf 91' lang='lat'>-—</span> <span class='ocrx_word' id='word_1_289' title='bbox 1635 1950 1830 1999; x_wconf 79' lang='lat' dir='ltr'>Turbine</span> <span class='ocrx_word' id='word_1_290' title='bbox 1880 1954 2108 2016; x_wconf 81' lang='lat' dir='ltr'>corripuit.</span> 
     </span>
     <span class='ocr_line' id='line_1_59' title="bbox 1322 2017 2111 2081; baseline 0.003 -17"><span class='ocrx_word' id='word_1_291' title='bbox 1322 2018 1581 2064; x_wconf 87' lang='lat' dir='ltr'>Homerum</span> <span class='ocrx_word' id='word_1_292' title='bbox 1597 2028 1751 2065; x_wconf 87' lang='lat' dir='ltr'>autem</span> <span class='ocrx_word' id='word_1_293' title='bbox 1767 2017 1945 2080; x_wconf 85' lang='lat' dir='ltr'>sequuti</span> <span class='ocrx_word' id='word_1_294' title='bbox 1959 2019 2111 2081; x_wconf 70' lang='lat' dir='ltr'>poe&#39;tae</span> 
     </span>
     <span class='ocr_line' id='line_1_60' title="bbox 1324 2082 2110 2146; baseline 0 -16"><span class='ocrx_word' id='word_1_295' title='bbox 1324 2082 1512 2146; x_wconf 86' lang='lat' dir='ltr'>cyclici,</span> <span class='ocrx_word' id='word_1_296' title='bbox 1549 2083 1677 2130; x_wconf 84' lang='lat' dir='ltr'>varie</span> <span class='ocrx_word' id='word_1_297' title='bbox 1717 2096 1764 2129; x_wconf 91' lang='lat' dir='ltr'>et</span> <span class='ocrx_word' id='word_1_298' title='bbox 1801 2082 2006 2146; x_wconf 88' lang='lat' dir='ltr'>copiose,</span> <span class='ocrx_word' id='word_1_299' title='bbox 2038 2083 2110 2131; x_wconf 80' lang='lat' dir='ltr'>in-</span> 
     </span>
     <span class='ocr_line' id='line_1_61' title="bbox 1323 2148 2111 2213; baseline 0 -17"><span class='ocrx_word' id='word_1_300' title='bbox 1323 2148 1487 2213; x_wconf 84' lang='lat' dir='ltr'>primis</span> <span class='ocrx_word' id='word_1_301' title='bbox 1524 2148 1583 2195; x_wconf 88' lang='lat' dir='ltr'>in.</span> <span class='ocrx_word' id='word_1_302' title='bbox 1598 2151 1740 2200; x_wconf 71' lang='grc' dir='ltr'><em>Νόςος</em></span> <span class='ocrx_word' id='word_1_303' title='bbox 1767 2149 1878 2203; x_wconf 85' lang='lat' dir='ltr'>suis,</span> <span class='ocrx_word' id='word_1_304' title='bbox 1906 2149 2111 2196; x_wconf 66' lang='lat' dir='ltr'>tractafl‘e</span> 
     </span>
     <span class='ocr_line' id='line_1_62' title="bbox 1324 2213 2140 2268; baseline 0.001 -7"><span class='ocrx_word' id='word_1_305' title='bbox 1324 2214 1541 2262; x_wconf 89' lang='lat' dir='ltr'>videntur</span> <span class='ocrx_word' id='word_1_306' title='bbox 1564 2215 1681 2262; x_wconf 79' lang='lat' dir='ltr'>hanc</span> <span class='ocrx_word' id='word_1_307' title='bbox 1706 2215 2036 2268; x_wconf 85' lang='lat' dir='ltr'>narrationem,</span> <span class='ocrx_word' id='word_1_308' title='bbox 2061 2228 2111 2262; x_wconf 89' lang='lat' dir='ltr'>ut</span> <span class='ocrx_word' id='word_1_309' title='bbox 2133 2213 2140 2221; x_wconf 77' lang='grc'><strong><em>’</em></strong></span> 
     </span>
     <span class='ocr_line' id='line_1_63' title="bbox 1325 2279 2114 2344; baseline 0 -16"><span class='ocrx_word' id='word_1_310' title='bbox 1325 2297 1385 2328; x_wconf 85' lang='lat' dir='ltr'>ex</span> <span class='ocrx_word' id='word_1_311' title='bbox 1425 2280 1605 2344; x_wconf 85' lang='lat' dir='ltr'>Qinto</span> <span class='ocrx_word' id='word_1_312' title='bbox 1638 2280 1743 2328; x_wconf 89' lang='lat' dir='ltr'>Cal.</span> <span class='ocrx_word' id='word_1_313' title='bbox 1785 2279 1987 2344; x_wconf 86' lang='lat' dir='ltr'>colligo,</span> <span class='ocrx_word' id='word_1_314' title='bbox 2031 2281 2114 2344; x_wconf 88' lang='lat' dir='ltr'>qui</span> 
     </span>
     <span class='ocr_line' id='line_1_64' title="bbox 1324 2345 2142 2410; baseline 0 -16"><span class='ocrx_word' id='word_1_315' title='bbox 1324 2346 1506 2410; x_wconf 86' lang='lat' dir='ltr'>copiose</span> <span class='ocrx_word' id='word_1_316' title='bbox 1555 2345 1712 2408; x_wconf 86' lang='lat' dir='ltr'>Ajacis</span> <span class='ocrx_word' id='word_1_317' title='bbox 1768 2346 1866 2393; x_wconf 82' lang='lat' dir='ltr'>fata</span> <span class='ocrx_word' id='word_1_318' title='bbox 1919 2346 2142 2410; x_wconf 51' lang='lat' dir='ltr'>exponit*</span> 
     </span>
     <span class='ocr_line' id='line_1_65' title="bbox 1325 2410 2112 2475; baseline 0.003 -16"><span class='ocrx_word' id='word_1_319' title='bbox 1325 2412 1406 2460; x_wconf 82' lang='lat' dir='ltr'>lib.</span> <span class='ocrx_word' id='word_1_320' title='bbox 1455 2411 1594 2465; x_wconf 86' lang='lat' dir='ltr'>XIV,</span> <span class='ocrx_word' id='word_1_321' title='bbox 1630 2427 1727 2475; x_wconf 84' lang='lat'>420</span> <span class='ocrx_word' id='word_1_322' title='bbox 1767 2410 1868 2475; x_wconf 87' lang='lat' dir='ltr'>sqq.</span> <span class='ocrx_word' id='word_1_323' title='bbox 1954 2413 2112 2461; x_wconf 81' lang='lat' dir='ltr'>Etiam</span> 
     </span>
     <span class='ocr_line' id='line_1_66' title="bbox 1328 2476 2116 2542; baseline -0.001 -17"><span class='ocrx_word' id='word_1_324' title='bbox 1328 2478 1614 2542; x_wconf 86' lang='lat' dir='ltr'>Lycophron</span> <span class='ocrx_word' id='word_1_325' title='bbox 1657 2478 1702 2525; x_wconf 88' lang='lat' dir='ltr'>in</span> <span class='ocrx_word' id='word_1_326' title='bbox 1757 2476 2010 2526; x_wconf 73' lang='lat' dir='ltr'>Cassandra</span> <span class='ocrx_word' id='word_1_327' title='bbox 2064 2495 2116 2534; x_wconf 83' lang='lat' dir='ltr'>v.</span> 
     </span>
     <span class='ocr_line' id='line_1_67' title="bbox 1330 2542 2112 2618; baseline -0.001 -27"><span class='ocrx_word' id='word_1_328' title='bbox 1330 2561 1441 2608; x_wconf 86' lang='lat'>392.</span> <span class='ocrx_word' id='word_1_329' title='bbox 1469 2561 1513 2606; x_wconf 80' lang='lat'>3.</span> <span class='ocrx_word' id='word_1_330' title='bbox 1541 2559 1649 2590; x_wconf 88' lang='lat' dir='ltr'>cum</span> <span class='ocrx_word' id='word_1_331' title='bbox 1671 2543 1882 2618; x_wconf 79' lang='lat' dir='ltr'>vulgari</span> <span class='ocrx_word' id='word_1_332' title='bbox 1886 2542 2112 2591; x_wconf 83' lang='lat' dir='ltr'>narratio-</span> 
     </span>
     <span class='ocr_line' id='line_1_68' title="bbox 1326 2604 2121 2673; baseline 0.004 -16"><span class='ocrx_word' id='word_1_333' title='bbox 1326 2626 1385 2657; x_wconf 90' lang='lat' dir='ltr'>ne</span> <span class='ocrx_word' id='word_1_334' title='bbox 1400 2607 1639 2656; x_wconf 72' lang='lat' dir='ltr'>consentit</span> <span class='ocrx_word' id='word_1_335' title='bbox 1708 2604 2023 2673; x_wconf 80' lang='lat' dir='ltr'>Virgilianam</span> <span class='ocrx_word' id='word_1_336' title='bbox 2041 2621 2121 2660; x_wconf 77' lang='lat' dir='ltr'>ta·-.</span> 
     </span>
     <span class='ocr_line' id='line_1_69' title="bbox 1327 2673 2114 2738; baseline 0.004 -17"><span class='ocrx_word' id='word_1_337' title='bbox 1327 2691 1433 2722; x_wconf 88' lang='lat' dir='ltr'>men</span> <span class='ocrx_word' id='word_1_338' title='bbox 1482 2673 1730 2729; x_wconf 87' lang='lat' dir='ltr'>rationem,</span> <span class='ocrx_word' id='word_1_339' title='bbox 1764 2688 1933 2738; x_wconf 86' lang='lat' dir='ltr'>praeter</span> <span class='ocrx_word' id='word_1_340' title='bbox 1971 2674 2114 2724; x_wconf 78' lang='lat' dir='ltr'>schol.</span> 
     </span>
     <span class='ocr_line' id='line_1_70' title="bbox 1328 2739 2121 2795; baseline 0.004 -8"><span class='ocrx_word' id='word_1_341' title='bbox 1328 2740 1388 2787; x_wconf 89' lang='lat' dir='ltr'>ad</span> <span class='ocrx_word' id='word_1_342' title='bbox 1411 2740 1472 2788; x_wconf 91' lang='lat' dir='ltr'>Il.</span> <span class='ocrx_word' id='word_1_343' title='bbox 1497 2763 1532 2795; x_wconf 79' lang='grc' dir='ltr'>ν,</span> <span class='ocrx_word' id='word_1_344' title='bbox 1566 2739 1628 2788; x_wconf 87' lang='grc'>66</span> <span class='ocrx_word' id='word_1_345' title='bbox 1653 2757 1710 2787; x_wconf 85' lang='lat' dir='ltr'>ex</span> <span class='ocrx_word' id='word_1_346' title='bbox 1736 2740 2094 2794; x_wconf 79' lang='lat' dir='ltr'>Callimacho,</span> <span class='ocrx_word' id='word_1_347' title='bbox 2078 2764 2121 2790; x_wconf 68' lang='grc' dir='ltr'>εν</span> 
     </span>
     <span class='ocr_line' id='line_1_71' title="bbox 1331 2805 2127 2872; baseline 0.001 -20"><span class='ocrx_word' id='word_1_348' title='bbox 1331 2805 1505 2860; x_wconf 73' lang='grc' dir='ltr'>Αἰτίοις,</span> <span class='ocrx_word' id='word_1_349' title='bbox 1565 2805 1784 2872; x_wconf 88' lang='lat' dir='ltr'>Hyginus</span> <span class='ocrx_word' id='word_1_350' title='bbox 1826 2805 1968 2855; x_wconf 75' lang='lat' dir='ltr'>habet</span> <span class='ocrx_word' id='word_1_351' title='bbox 2007 2806 2127 2857; x_wconf 80' lang='lat' dir='ltr'>fab..</span> 
     </span>
     <span class='ocr_line' id='line_1_72' title="bbox 1331 2868 2118 2936; baseline -0.003 -16"><span class='ocrx_word' id='word_1_352' title='bbox 1331 2868 1515 2920; x_wconf 88' lang='lat' dir='ltr'>CXVI.</span> <span class='ocrx_word' id='word_1_353' title='bbox 1556 2871 1678 2919; x_wconf 88' lang='lat' dir='ltr'>unde</span> <span class='ocrx_word' id='word_1_354' title='bbox 1713 2871 1906 2936; x_wconf 83' lang='lat' dir='ltr'>colligo,</span> <span class='ocrx_word' id='word_1_355' title='bbox 1941 2872 2118 2936; x_wconf 81' lang='lat' dir='ltr'>Tragi-</span> 
     </span>
     <span class='ocr_line' id='line_1_73' title="bbox 1329 2936 2124 3000; baseline 0.001 -16"><span class='ocrx_word' id='word_1_356' title='bbox 1329 2954 1436 2984; x_wconf 90' lang='lat' dir='ltr'>cum</span> <span class='ocrx_word' id='word_1_357' title='bbox 1461 2936 1663 3000; x_wconf 85' lang='lat' dir='ltr'>aliquem</span> <span class='ocrx_word' id='word_1_358' title='bbox 1688 2937 1920 2986; x_wconf 83' lang='lat' dir='ltr'>Minervae</span> <span class='ocrx_word' id='word_1_359' title='bbox 1996 2951 2124 2990; x_wconf 82' lang='lat' dir='ltr'>artes.</span> 
     </span>
     <span class='ocr_line' id='line_1_74' title="bbox 1329 2950 2093 3066; baseline 0.002 -17"><span class='ocrx_word' id='word_1_360' title='bbox 1329 3003 1410 3050; x_wconf 87' lang='lat' dir='ltr'>has</span> <span class='ocrx_word' id='word_1_361' title='bbox 1433 3001 1546 3050; x_wconf 90' lang='lat' dir='ltr'>olim</span> <span class='ocrx_word' id='word_1_362' title='bbox 1570 3002 1758 3056; x_wconf 82' lang='lat' dir='ltr'>dediffe,</span> <span class='ocrx_word' id='word_1_363' title='bbox 1793 3019 1908 3066; x_wconf 87' lang='lat' dir='ltr'>quas</span> <span class='ocrx_word' id='word_1_364' title='bbox 1934 2950 2093 3052; x_wconf 58' lang='lat' dir='ltr'>Pi&#39;ome</span> 
     </span>
     <span class='ocr_line' id='line_1_75' title="bbox 1328 3020 2127 3132; baseline 0.003 -16"><span class='ocrx_word' id='word_1_365' title='bbox 1328 3085 1404 3116; x_wconf 91' lang='lat' dir='ltr'>rus</span> <span class='ocrx_word' id='word_1_366' title='bbox 1437 3067 1663 3130; x_wconf 88' lang='lat' dir='ltr'>Neptuno</span> <span class='ocrx_word' id='word_1_367' title='bbox 1686 3020 1912 3125; x_wconf 76' lang='lat' dir='ltr'>dedeqrat3</span> <span class='ocrx_word' id='word_1_368' title='bbox 1953 3078 2127 3132; x_wconf 77' lang='lat' dir='ltr'>quam-</span> 
     </span>
     <span class='ocr_line' id='line_1_76' title="bbox 1328 3132 2119 3208; baseline 0.009 -29"><span class='ocrx_word' id='word_1_369' title='bbox 1328 3149 1467 3208; x_wconf 85' lang='lat' dir='ltr'>quam</span> <span class='ocrx_word' id='word_1_370' title='bbox 1485 3147 1530 3181; x_wconf 86' lang='lat' dir='ltr'>et</span> <span class='ocrx_word' id='word_1_371' title='bbox 1553 3133 1664 3182; x_wconf 91' lang='lat' dir='ltr'>hic</span> <span class='ocrx_word' id='word_1_372' title='bbox 1651 3133 1750 3198; x_wconf 81' lang='lat' dir='ltr'>lpse</span> <span class='ocrx_word' id='word_1_373' title='bbox 1765 3132 1875 3183; x_wconf 87' lang='lat' dir='ltr'>huic</span> <span class='ocrx_word' id='word_1_374' title='bbox 1895 3134 2119 3187; x_wconf 62' lang='lat' dir='ltr'>variatio-</span> 
     </span>
     <span class='ocr_line' id='line_1_77' title="bbox 1330 3152 2118 3263; baseline 0.004 -18"><span class='ocrx_word' id='word_1_375' title='bbox 1330 3197 1380 3246; x_wconf 89' lang='lat' dir='ltr'>ni</span> <span class='ocrx_word' id='word_1_376' title='bbox 1401 3199 1557 3247; x_wconf 89' lang='lat' dir='ltr'>locum</span> <span class='ocrx_word' id='word_1_377' title='bbox 1589 3152 1742 3248; x_wconf 75' lang='lat' dir='ltr'>fecipffe</span> <span class='ocrx_word' id='word_1_378' title='bbox 1765 3198 1919 3248; x_wconf 83' lang='lat' dir='ltr'>videri</span> <span class='ocrx_word' id='word_1_379' title='bbox 1952 3200 2118 3263; x_wconf 74' lang='lat' dir='ltr'>potest,</span> 
     </span>
     <span class='ocr_line' id='line_1_78' title="bbox 1327 3263 2132 3319; baseline 0.007 -6"><span class='ocrx_word' id='word_1_380' title='bbox 1327 3263 1440 3313; x_wconf 87' lang='lat' dir='ltr'>dum</span> <span class='ocrx_word' id='word_1_381' title='bbox 1475 3263 1710 3317; x_wconf 82' lang='lat' dir='ltr'>interdum</span> <span class='ocrx_word' id='word_1_382' title='bbox 1742 3276 1899 3317; x_wconf 85' lang='lat' dir='ltr'>totam</span> <span class='ocrx_word' id='word_1_383' title='bbox 1943 3264 2132 3319; x_wconf 68' lang='lat' dir='ltr'>reditus.</span> 
     </span>
     <span class='ocr_line' id='line_1_79' title="bbox 1330 3327 2115 3383; baseline 0.001 -4"><span class='ocrx_word' id='word_1_384' title='bbox 1330 3327 1624 3383; x_wconf 80' lang='lat' dir='ltr'>Achivorum</span> <span class='ocrx_word' id='word_1_385' title='bbox 1684 3330 2002 3382; x_wconf 73' lang='lat' dir='ltr'>calamitatem</span> <span class='ocrx_word' id='word_1_386' title='bbox 2053 3331 2115 3383; x_wconf 72' lang='lat' dir='ltr'>ad</span> 
     </span>
     <span class='ocr_line' id='line_1_80' title="bbox 1328 3395 2120 3453; baseline 0.001 -9"><span class='ocrx_word' id='word_1_387' title='bbox 1328 3395 1470 3446; x_wconf 82' lang='lat' dir='ltr'>solam</span> <span class='ocrx_word' id='word_1_388' title='bbox 1523 3395 1795 3448; x_wconf 81' lang='lat' dir='ltr'>Minervam</span> <span class='ocrx_word' id='word_1_389' title='bbox 1847 3396 2018 3453; x_wconf 77' lang='lat' dir='ltr'>refert,</span> <span class='ocrx_word' id='word_1_390' title='bbox 2067 3409 2120 3445; x_wconf 71' lang='lat' dir='ltr'>ut</span> 
     </span>
     <span class='ocr_line' id='line_1_81' title="bbox 1331 3461 2120 3539; baseline -0.004 -25"><span class='ocrx_word' id='word_1_391' title='bbox 1331 3461 1563 3525; x_wconf 67' lang='lat' dir='ltr'>Odyffia,</span> <span class='ocrx_word' id='word_1_392' title='bbox 1589 3462 1700 3526; x_wconf 79' lang='lat'>326.</span> <span class='ocrx_word' id='word_1_393' title='bbox 1721 3478 1767 3523; x_wconf 84' lang='lat'>¹7.</span> <span class='ocrx_word' id='word_1_394' title='bbox 1803 3478 1986 3539; x_wconf 65' lang='lat'>7:135·</span> <span class='ocrx_word' id='word_1_395' title='bbox 2008 3477 2120 3526; x_wconf 72' lang='grc' dir='ltr'>ι4ς.</span> 
     </span>
     <span class='ocr_line' id='line_1_82' title="bbox 1396 3527 2137 3605; baseline 0.007 -31"><span class='ocrx_word' id='word_1_396' title='bbox 1396 3543 1478 3590; x_wconf 76' lang='lat'>40·-</span> <span class='ocrx_word' id='word_1_397' title='bbox 1504 3542 1585 3590; x_wconf 86' lang='lat'>41.</span> <span class='ocrx_word' id='word_1_398' title='bbox 1623 3529 1735 3603; x_wconf 61' lang='lat' dir='ltr'>Ipsps</span> <span class='ocrx_word' id='word_1_399' title='bbox 1757 3528 2007 3605; x_wconf 55' lang='lat' dir='ltr'>Argivom</span> <span class='ocrx_word' id='word_1_400' title='bbox 2016 3527 2137 3579; x_wconf 61' lang='lat' dir='ltr'>nist⁴</span> 
     </span>
     <span class='ocr_line' id='line_1_83' title="bbox 1329 3586 2136 3659; baseline -0.002 -9"><span class='ocrx_word' id='word_1_401' title='bbox 1329 3586 1584 3654; x_wconf 60' lang='lat' dir='ltr'>&lt;leniorem</span> <span class='ocrx_word' id='word_1_402' title='bbox 1605 3594 1843 3655; x_wconf 70' lang='lat' dir='ltr'>rationem</span> <span class='ocrx_word' id='word_1_403' title='bbox 1878 3593 1950 3647; x_wconf 70' lang='lat' dir='ltr'>vis</span> <span class='ocrx_word' id='word_1_404' title='bbox 1964 3592 2136 3659; x_wconf 65' lang='lat' dir='ltr'>sequi..</span> 
     </span>
     <span class='ocr_line' id='line_1_84' title="bbox 1314 3670 2119 3709; baseline 0.002 -2"><span class='ocrx_word' id='word_1_405' title='bbox 1314 3682 1319 3684; x_wconf 65' lang='grc'>’</span> <span class='ocrx_word' id='word_1_406' title='bbox 2066 3670 2119 3709; x_wconf 74' lang='lat' dir='ltr'>ut</span> 
     </span>
    </p>
   </div>
   <div class='ocr_carea' id='block_1_17' title="bbox 2297 0 2372 2439">
    <p class='ocr_par' dir='ltr' id='par_1_18' title="bbox 2297 0 2372 2439">
     <span class='ocr_line' id='line_1_85' title="bbox 2297 0 2372 2439; baseline 0 0"><span class='ocrx_word' id='word_1_407' title='bbox 2297 0 2372 2439; x_wconf 95' lang='lat' dir='ltr'> </span> 
     </span>
    </p>
   </div>
  </div>
 </body>
</html>
