2294 4030
527 286 674 348 AD
744 285 1213 349 LIBRUM
1279 289 1370 352 11..
1661 302 1782 382 259

142 452 287 505 nodo
317 448 483 506 recifls,
504 450 848 509 transtulerunt3
883 450 1070 517 perditis
1103 451 1302 516 antiquis
1322 453 1631 519 scriptoribus,
1664 461 1788 513 unde

143 526 396 581 hnussoent,
427 523 512 590 ipfi
544 525 602 572 ab
627 541 683 572 eo
722 526 830 572 inde
862 536 1062 590 tempore
1079 524 1333 573 fabularum
1362 526 1576 589 auCtOres,
1610 530 1789 584 indosti

145 592 315 670 pariter
335 613 381 649 et
399 599 621 658 leviffimi,
644 601 753 649 fasti
775 601 879 648 sunt
903 606 952 650 ¹¹¹¹.

213 673 369 723 Etiam
411 670 811 739 Philosophorum,
846 674 1150 739 Sophistarum
1172 691 1224 723 ac
1248 675 1520 734 Rhetorum,
1552 695 1685 744 opera
1703 680 1789 729 ali«
1823 670 1832 677 ³

144 758 236 818 qua
257 750 346 798 fuit
361 749 409 796 in
431 748 773 813 corrumpendis
791 749 958 812 mythis
971 760 1016 796 et
1031 749 1231 797 historiis
1251 751 1587 815 antiquiffimis3
1606 754 1788 803 illorum

145 823 333 891 quidem
353 821 403 870 in
436 823 695 887 theogoniis
715 820 912 869 maxime
934 822 1123 886 aliisque
1144 822 1332 871 deorum
1354 823 1522 873 fabulis
1543 826 1790 889 allegorice

145 896 498 963 interpretandis
516 898 573 954 †;
608 912 665 944 ex
697 912 790 960 quo
822 895 957 943 semel
980 895 1273 960 Pythagoras,
1309 898 1590 956 Heraclitus,
1625 911 1670 946 et
1692 900 1790 948 Xe-

146 971 375 1036 nophanes
418 971 477 1018 ad
517 971 610 1033 ejus
646 969 995 1033 mythologiam,
1050 980 1285 1038 tamquam
1323 971 1565 1038 theologiae
1603 974 1791 1039 aliquod

146 1043 336 1108 systema
357 1044 416 1091 ab
438 1043 535 1108 ipso
565 1043 823 1100 conditum,
847 1043 1153 1100 offendiffent3
1188 1043 1348 1092 horum
1369 1059 1515 1095 autem
1535 1047 1583 1095 in
1604 1049 1792 1100 heroum

146 1118 282 1169 rebus
302 1130 348 1167 et
370 1119 575 1182 Trojano
598 1118 804 1182 inprimis
824 1118 964 1172 bello,
997 1116 1105 1164 dum
1128 1118 1505 1168 declamationum
1527 1134 1789 1185 argumenta

148 1207 360 1261 caperent
396 1208 442 1244 et
474 1196 654 1244 laudem
689 1212 747 1243 ex
778 1212 833 1243 eo
872 1207 1100 1258 captarent
1123 1196 1227 1241 vani
1249 1195 1472 1254 hominen,
1505 1198 1536 1245 fi
1559 1199 1792 1257 baberent,

148 1282 251 1335 quae
284 1281 446 1318 contra
485 1286 550 1318 res
587 1270 877 1318 vetustiffimae
906 1269 1011 1317 fidei
1044 1264 1342 1332 probabiliter
1375 1271 1471 1318 dici
1508 1272 1790 1322 viderentur.

150 1335 389 1392 Habemus
423 1345 536 1392 adeo
571 1346 718 1393 Dionis
764 1342 930 1405 Chrys.
968 1342 1294 1390 oratiunculam
1316 1344 1374 1391 de
1397 1345 1444 1390 T
1445 1346 1543 1408 roja
1563 1363 1794 1409 nunquam

151 1428 302 1482 capta,
351 1436 440 1483 qua
478 1418 652 1467 mireris
708 1417 947 1465 nonnullos
991 1417 1051 1464 ad
1092 1417 1353 1466 elevandam
1395 1419 1557 1468 veteris
1596 1419 1792 1472 historiae

149 1492 304 1549 fidem,
326 1491 534 1556 inprimis
556 1491 606 1539 in
626 1490 842 1552 Trojanis
861 1490 1009 1546 rebUS‚
1031 1489 1120 1538 uti.

221 1565 333 1614 Aufi
367 1565 506 1613 etiam
546 1565 629 1629 ipfi
667 1563 891 1618 historici,
945 1563 1025 1626 qui
1063 1573 1262 1617 veterum
1299 1563 1472 1613 scilicet
1507 1565 1791 1615 historiarum

114 1628 292 1688 ''fidem
346 1638 436 1687 suis
477 1638 753 1703 temporibus
785 1648 830 1685 et
867 1637 999 1685 solito
1045 1654 1192 1685 rerum
1233 1640 1528 1702 gerendarum
1573 1640 1689 1688 mori
1733 1657 1788 1689 aa

153 1714 473 1764 consuetudini
508 1711 851 1776 accommodare
889 1710 1116 1766 volebant,
1150 1728 1217 1759 res
1255 1712 1470 1775 Trojanis
1500 1714 1548 1760 in
1583 1735 1794 1778 πςαγμα-

153 1789 272 1842 τείας
304 1788 499 1835 formam
535 1787 755 1850 redigere,
788 1797 866 1832 aut
900 1785 1177 1833 diversarum
1200 1788 1504 1835 narrationum
1527 1801 1705 1837 naturas
1726 1791 1793 1838 ita

157 1860 367 1917 miscere,
404 1872 454 1907 ut
489 1861 637 1922 major
669 1857 1002 1923 probabilitatis
1038 1875 1165 1906 novae
1186 1859 1450 1907 narrationis
1471 1861 1707 1917 exsisteret,
1745 1881 1794 1914 v.

124 1974 127 1976 .
155 1950 205 1987 c.
239 1948 290 1982 ut
324 1933 522 1981 Romani
559 1932 718 1997 populi
741 1930 995 1995 originibus
1018 1932 1277 1995 aTrojanis
1314 1933 1459 1981 dustis
1495 1934 1794 1986 consulerent.

154 2008 401 2072 >Demetrius
424 2018 572 2055 autem
594 2007 808 2069 Scepsius,
832 2006 852 2052 ὅ
876 2006 940 2052 τὸν
961 2007 1132 2068 Τξωῖκὸν
1160 2006 1379 2064 διάκοσμον
1401 2010 1718 2067 ἐξηγησάμενος,
1742 2021 1794 2057 ut

161 2081 322 2130 Strabo
347 2081 491 2137 XIII,
522 2098 570 2145 p.
610 2081 724 2143 609,
749 2079 1086 2127 Grammaticus
1107 2079 1283 2127 Crateti
1305 2093 1350 2128 et
1368 2081 1626 2130 Aristarcho
1647 2101 1793 2147 aequa-

123 2159 131 2164 ’
159 2154 239 2212 lis,
271 2155 322 2210 in
345 2154 623 2219 Scepfiorum
643 2151 836 2216 gratiam
861 2151 1004 2199 multa
1025 2150 1074 2198 in
1099 2152 1226 2202 rebus
1251 2153 1463 2216 Trojanis
1484 2155 1612 2202 aliter
1631 2171 1683 2202 ac
1706 2173 1792 2204 cae-

161 2229 250 2281 teri
279 2229 543 2277 tradiderat.
585 2245 631 2276 v.
655 2226 818 2274 Strabo
842 2226 875 2274 l.
909 2241 951 2272 c.
986 2224 1178 2274 Librum
1213 2226 1336 2274 XVI
1357 2239 1402 2275 et
1424 2227 1601 2275 XXIV
1620 2229 1794 2279 laudari

161 2302 318 2352 videas
338 2319 412 2368 ap,
438 2303 610 2351 Athen.
630 2301 722 2358 IV,
754 2317 800 2364 p.
830 2315 915 2364 173
942 2299 995 2346 F.
1026 2317 1078 2364 17
1088 2318 1111 2364 ς
1138 2302 1200 2350 A.

228 2379 351 2427 Cum
380 2378 476 2441 jam
498 2376 682 2424 Graecia
703 2392 729 2422 a
751 2375 976 2423 Romanis
997 2374 1049 2425 in
1065 2374 1324 2424 servitutem
1343 2376 1518 2424 redasta
1538 2395 1641 2426 curn
1665 2391 1795 2429 caete-

161 2452 226 2503 tis
257 2451 475 2501 libertatis
508 2451 639 2498 bonis
676 2449 815 2497 etiam
853 2460 1073 2496 accuratae
1109 2449 1324 2498 dostrinae
1355 2451 1580 2507 habitum,
1614 2455 1795 2505 tandem

161 2524 301 2579 ,etiam
337 2524 528 2585 sensum,
559 2523 782 2577 amififfet,
816 2521 1067 2586 deperditis
1090 2523 1183 2585 jam
1221 2534 1318 2570 tum
1339 2535 1416 2571 aut
1436 2524 1796 2576 delitescentibus

123 2590 126 2593 ⁴
165 2597 392 2664 plerisque
421 2613 480 2644 ex
514 2596 741 2661 praeclaris
770 2595 864 2642 illis
897 2595 1233 2660 antiquioribus
1248 2597 1395 2660 poetis
1413 2614 1465 2645 ac
1487 2598 1796 2663 scriptoribus,

113 2666 142 2675 ‘⁷
167 2686 278 2726 ecce
310 2671 397 2719 tibi
469 2680 741 2719 rovenerunt
778 2670 912 2717 multi
945 2687 1038 2717 non
1057 2676 1223 2734 poetae,
1256 2669 1327 2717 sed
1352 2671 1680 2729 versificatores,
1711 2677 1795 2737 qui

167 2758 231 2796 cx,
258 2744 432 2793 nonnul
451 2760 508 2801 is,
541 2743 624 2808 qui
654 2742 934 2807 supererant,
963 2743 1117 2806 poetis
1138 2742 1325 2806 cyclicis
1345 2742 1542 2806 antiquis
1564 2760 1681 2791 nova
1698 2761 1796 2794 car.

169 2817 296 2872 mina
313 2818 671 2872 conscriberent,
703 2812 782 2864 aut
801 2817 941 2864 etiam
960 2832 1017 2864 ex
1038 2817 1438 2882 grammaticorum
1469 2818 1538 2864 vel
1558 2817 1795 2867 historico-

139 2942 142 2946 ,
165 2902 273 2956 grum
303 2890 583 2940 dostioribus
604 2889 732 2945 libris
751 2889 978 2938 breviores
997 2889 1217 2953 epitomas
1238 2889 1523 2946 conficerent,
1557 2891 1798 2941 censendas

102 2997 106 3000 -
168 2963 271 3022 istas
300 2960 357 3012 et·
379 2959 696 3028 dijudicandas
729 2962 824 3011 fere
860 2980 952 3011 non
990 2962 1129 3011 modo
1162 2979 1218 3010 ex
1252 2963 1435 3028 propria
1467 2963 1690 3021 doctrina,
1723 2965 1801 3014 sed

170 3035 318 3091 etiam>
342 3052 401 3085 ex
432 3053 610 3099 eorum,
644 3053 756 3104 quos
776 3036 1114 3101 exscripserunt,
1129 3036 1215 3083 fide
1233 3053 1285 3083 ac
1303 3035 1497 3100 judicio.
1563 3036 1634 3084 Ex
1653 3037 1804 3102 priore

223 3160 235 3171 ,,
263 3103 336 3159 ἠ
371 3116 556 3176 postam
593 3111 807 3159 habemus
839 3126 932 3157 non
965 3108 1120 3157 infimo
1155 3109 1258 3155 loco
1294 3107 1567 3165 habendum,
1596 3110 1803 3172 Qintum

214 3183 431 3248 φᾶμαι,
449 3184 498 3232 in
527 3199 620 3250 quo
654 3183 950 3243 emaculando
986 3182 1124 3234 Laut.
1149 3179 1522 3238 Rhodomannus,
1552 3181 1799 3240 Ilfeldenfit

385 3356 415 3410 ,ἒ
441 3356 540 3406 thid,
557 3370 599 3414 p,
623 3368 702 3413 929
721 3356 783 3414 sq,
1156 3355 1187 3400 ἢ
1213 3352 1312 3401 lbid,
1333 3364 1374 3410 p.
1400 3363 1481 3407 93²
1495 3352 1556 3408 sq.

1684 3435 1801 3491 ὼ
