2372 4030
380 282 879 355 TRACTAT.
929 283 1564 354 INVENTIONE.
1643 246 1902 362 Lxxui

262 483 347 534 ex
373 455 553 553 parte
582 455 856 525 eandem
885 472 1175 534 veterem
1205 458 1452 527 famam
1479 464 1558 530 ad
1613 465 1674 532 se
1705 492 1895 537 revo-

253 592 402 647 cant
423 591 487 643 et
512 573 631 642 fibi
654 573 988 642 vindicant
1010 575 1229 667 plures
1249 577 1329 643 ab
1348 572 1684 647 communi
1704 582 1895 674 stirpe

251 691 572 786 profectae
603 689 923 759 familiae?
960 690 1218 758 Eodem
1250 692 1450 760 modo
1489 717 1643 761 cum
1672 697 1894 764 mul'tae

250 803 484 898 paffim
507 828 624 898 per
640 805 814 873 varia
835 804 978 871 loca
995 803 1220 897 sparsae
1245 805 1440 873 effent
1461 808 1895 897 Trojanorum

253 919 558 1000 coloniae,
605 906 772 1012 quid
803 922 1078 1001 mirum,
1126 946 1231 989 eas
1291 946 1520 989 omnes
1574 924 1896 1014 originem

250 1032 436 1102 suam
488 1034 571 1102 ad
597 1035 892 1101 AEneam
922 1033 1155 1103 referre
1185 1037 1519 1105 maluiffe?
1572 1037 1765 1102 Unde
1796 1038 1896 1103 di-

250 1150 514 1220 verfitas
562 1151 700 1229 illa,
751 1153 994 1241 partim
1033 1152 1380 1232 consensio,
1430 1153 1624 1220 famae
1658 1169 1718 1216 et
1750 1176 1897 1218 nar-

165 1324 167 1326 .
247 1263 518 1334 rationis
541 1265 887 1333 neceffario
922 1266 1076 1332 oriri
1111 1267 1361 1333 debuit.
1458 1267 1616 1333 Non
1648 1268 1892 1355 itaque,

247 1393 323 1447 ut
375 1377 502 1446 hoc
559 1380 769 1446 obiter
825 1403 1234 1457 moneamUS,
1313 1379 1598 1469 antiquis
1660 1378 1896 1445 fabulis

247 1497 521 1564 omnino
553 1494 755 1563 fidem
789 1495 1066 1562 detrahit
1102 1496 1482 1563 narrationis
1517 1496 1843 1562 diverfitas
1870 1529 1893 1575 ς

245 1625 468 1679 manet
496 1612 676 1677 enim
707 1609 955 1700 semper
978 1609 1224 1675 fundus
1258 1611 1495 1700 aliquis
1522 1634 1653 1675 non
1687 1612 1893 1700 magis

242 1724 512 1792 veritate
543 1721 654 1790 sua
687 1722 1023 1789 destitutus
1076 1745 1280 1812 quam
1344 1746 1492 1812 quae
1554 1724 1632 1787 ab
1666 1727 1894 1789 auoto-

241 1839 423 1908 ribus
454 1837 842 1929 praviffimis
877 1836 1218 1904 traduntur
1243 1869 1265 1914 3
1314 1854 1375 1905 et
1408 1836 1619 1903 nescio
1654 1863 1733 1905 an
1771 1840 1890 1905 fint

244 1953 486 2024 fabulae
519 1970 839 2033 veterum,
867 1955 1104 2046 quibus
1129 1956 1276 2046 plus
1296 1978 1462 2022 verae
1495 1978 1708 2020 rerum
1740 1954 1893 2022 fidei

241 2069 413 2147 infit,
463 2094 667 2163 quam
699 2071 929 2138 multis
960 2068 1421 2138 historicorum
1452 2069 1578 2135 fide
1611 2069 1889 2159 copiose,

243 2181 473 2254 diserte
503 2198 566 2249 et
589 2198 833 2259 ornate,
857 2182 1190 2274 expofitiS‚
1213 2183 1336 2249 five
1367 2183 1436 2248 in
1465 2183 1731 2271 antiqua
1763 2181 1890 2247 five

238 2298 309 2364 in
340 2312 593 2364 recente
623 2293 882 2364 historia
902 2330 924 2375 ,-
976 2297 1077 2364 his
1112 2300 1289 2365 enirn
1339 2297 1583 2363 fundus
1620 2295 1887 2386 quidem

168 2402 170 2405 '
240 2411 504 2502 aliquis,
554 2431 624 2477 ut
660 2413 891 2479 iisdem
923 2413 1143 2504 priscis
1178 2412 1445 2504 mythis,
1501 2412 1731 2486 subest,
1780 2437 1886 2478 ac-

239 2523 470 2592 ceffere
499 2541 719 2593 tamen
746 2528 1017 2617 reliqua,
1050 2551 1197 2619 quae
1218 2529 1316 2593 illi
1343 2526 1884 2617 superstruuntur,

240 2663 326 2707 ex
356 2640 622 2730 ingenio
652 2641 757 2720 vel
789 2641 1077 2715 audacia,
1096 2640 1424 2707 interdum
1456 2640 1882 2729 impudentia,

238 2753 578 2824 narrantis·
675 2754 743 2822 Si
772 2755 1041 2842 fizbulas
1073 2755 1296 2844 itaque
1332 2752 1398 2821 T
1390 2755 1633 2843 rojanas
1667 2754 1881 2843 loqui-

240 2888 416 2950 mur,
462 2866 854 2949 narrationes
904 2866 1228 2956 majorum
1253 2867 1629 2934 audioritate
1655 2888 1881 2952 accep-

240 2996 341 3050 tas
371 2996 436 3066 et
463 2998 502 3048 a
528 2982 738 3073 poetis
775 2980 1316 3073 scriptoribusque
1348 2997 1593 3047 ornatas
1640 2979 1877 3044 intelli-

238 3097 462 3190 gimus
481 3127 504 3172 ς
551 3112 615 3161 et
646 3097 946 3186 praeclare
979 3096 1292 3171 hastenus
1325 3093 1662 3163 Thessalus
1699 3096 1876 3184 Hip-

236 3211 518 3311 pocratis
543 3207 595 3276 f.
628 3210 700 3280 in
730 3218 1013 3289 Πρεσβευτ.
1101 3218 1177 3270 Οὐ
1226 3218 1380 3284 μῦθος
1417 3214 1486 3268 τὰ
1524 3214 1717 3288 Τρωϊκὰ
1764 3212 1879 3269 ἀλλ’

236 3323 397 3406 ἕςγκῖ
427 3325 726 3418 adeoque
754 3349 987 3395 vanam
1019 3325 1523 3417 disputationem
1545 3322 1878 3391 instituifl'e

236 3437 448 3516 videri
473 3439 738 3539 pofl'unt
769 3441 1120 3519 Cluverius
1151 3456 1214 3509 et
1240 3439 1620 3519 Bochartu8‚
1653 3440 1770 3533 qui
1792 3417 1878 3505 ex'

1757 3552 1877 3623 ista
