2294 4030
593 287 744 374 Ab
811 290 1448 376 LIBRUMNH,
1695 324 1808 386 311

168 461 375 546 Dionys.
399 477 557 528 Halic.
579 478 624 538 I,
646 481 727 542 48.
771 476 838 530 cf,
861 475 1062 542 Disquis.
1099 476 1157 523 de
1192 475 1372 524 Invent.
1405 482 1562 525 mater.
1608 473 1814 527 AEneidis

175 557 308 609 ἥν.

594 700 1172 754 EXCURSUS
1238 700 1382 751 XIV.

801 789 914 859 'De
957 783 1170 866 Creusa.

179 891 180 894 Ἴ
239 886 310 964 11,
336 921 363 972 7
371 923 396 969 3
405 921 448 970 5.
488 888 649 968 &reida
669 886 719 950 in
741 897 990 973 Polygnoti
1019 898 1172 950 tabula
1203 891 1323 968 apud
1346 887 1547 967 Delphos
1574 887 1694 951 inter
1713 909 1817 967 cap·v

18 979 19 982 ’
82 994 85 995 ’
127 994 129 998 ·
170 967 288 1029 *ivae
307 992 402 1029 erat
423 980 579 1027 relata.
602 995 650 1025 v.
675 975 803 1024 Paus.
833 976 902 1033 X,
925 977 1007 1030 26,
1028 970 1111 1025 ubi
1131 977 1281 1035 addit,
1315 978 1556 1025 secundum
1579 977 1693 1024 alios
1715 994 1813 1024 eam

172 1065 404 1118 tamquam
439 1052 596 1119 AEneae
633 1066 821 1097 uxorem
857 1065 937 1112 per
974 1049 1161 1097 deorum
1205 1063 1392 1098 matrem
1427 1068 1478 1098 ac
1524 1050 1748 1097 Venerem
1783 1065 1815 1114 a

170 1115 384 1175 servitute
420 1120 547 1172 fuiffe
584 1119 846 1190 uberatam,
905 1121 1062 1185 Atque
1100 1123 1188 1170 hoc
1225 1115 1429 1187 sequitur
1463 1123 1708 1187 virgilius.
1748 1122 1813 1171 cf.

163 1194 219 1248 ’νς
258 1202 369 1265 788.
437 1197 504 1244 At
526 1195 747 1244 Leseheus
767 1195 926 1242 eodem
960 1187 1176 1244 Pausania
1199 1193 1304 1245 teste
1327 1209 1372 1245 et
1404 1198 1579 1262 Cypria
1616 1197 1818 1262 carmina

174 1269 437 1337 Eurydicen
472 1270 627 1317 AEneae
664 1285 852 1315 uxorem
892 1268 1124 1318 dederant.
1212 1263 1444 1319 Videntur
1488 1284 1635 1319 tamen
1672 1271 1816 1319 iidem

164 1350 271 1394 ‘eam
293 1348 447 1396 AEneae
467 1344 590 1409 fugae
621 1343 835 1410 comitem
871 1343 1123 1404 addidiffe3
1169 1363 1364 1410 namque
1386 1347 1434 1393 in
1473 1347 1653 1393 Tabula
1675 1346 1816 1393 Iliaca

111 1419 116 1425 ”
171 1423 223 1470 h.
275 1438 383 1484 109,
426 1437 527 1485 quae
565 1427 623 1466 ex
656 1413 856 1466 Lescheo
898 1435 1104 1483 magnam
1140 1433 1314 1484 partem
1348 1420 1543 1485 expressa
1583 1421 1660 1475 est,
1698 1432 1816 1467 uxor

173 1495 366 1543 AEneam
391 1485 610 1559 sequitur.
679 1489 839 1555 Creusa
858 1490 1092 1557 Sophoclis
1114 1494 1204 1542 fuit
1226 1495 1398 1550 fabula,
1423 1494 1518 1551 sed,
1547 1511 1601 1540 an
1619 1495 1677 1540 ad
1698 1494 1815 1542 hanc

174 1566 369 1617 bostram
394 1565 632 1622 trahenda,
656 1567 912 1631 ignoratur.
979 1568 1159 1617 Creusae
1175 1571 1332 1617 nostrae
1351 1581 1396 1616 et
1420 1561 1650 1632 Apollinis
1671 1562 1817 1615 filium

131 1658 133 1664 ’
161 1643 370 1700 ‘Anium‚
392 1644 601 1706 'nepotem
628 1641 859 1697 Andrum,
902 1642 1137 1690 tradebant
1170 1643 1422 1707 scriptores,
1465 1643 1544 1706 qui
1564 1644 1621 1689 de
1645 1643 1817 1690 Andri-

174 1734 306 1766 orum
328 1715 585 1780 originibus
599 1714 881 1779 scripserant.
903 1733 949 1764 v.
970 1716 1152 1764 Conon.
1171 1719 1355 1767 Narrat.
1378 1717 1511 1766 XLI,
1535 1717 1598 1764 cf.
1623 1716 1815 1769 Excurs,

174 1790 201 1838 I
223 1789 281 1839 ad
301 1789 389 1840 lib.
411 1790 503 1838 ΙΙΙ.
569 1790 707 1844 Mox,
746 1791 825 1838 ubi
846 1783 1008 1837 AEneas
1022 1797 1152 1854 portis
1173 1787 1214 1839 se
1249 1792 1619 1858 appropinquasse
1641 1802 1814 1849 narrat,

175 1869 310 1915 Porta
330 1864 627 1929 intelligenda
663 1865 722 1912 est
745 1864 802 1911 ab
824 1865 946 1911 hoste
968 1867 1134 1921 aversa,
1176 1867 1324 1914 versus
1357 1866 1485 1913 Idam
1509 1878 1553 1916 et
1572 1878 1715 1928 partes
1738 1882 1817 1912 au*

16 1976 19 1979 μ
117 2004 120 2005 V
174 1942 341 1997 strales,
364 1941 485 1987 unde
509 1951 659 1986 tamen
681 1955 774 1985 non
799 1938 946 2001 minus
962 1938 1090 1986 littus
1110 1940 1203 2004 peti
1226 1952 1418 2004 poterat.
1487 1939 1685 2003 Quintus
1707 1941 1816 1988 Cal.

177 2014 248 2070 X,
285 2017 376 2076 338
401 2007 498 2076 sqq.
520 2030 575 2059 ex
600 2012 1091 2077 antiquioribuspoetis
1104 2015 1312 2076 cyclicis,
1330 2027 1380 2061 ut
1398 2013 1607 2068 arbitror,
1623 2023 1817 2076 quatuor

177 2101 328 2154 portas
367 2087 524 2149 Trojae
563 2088 810 2134 memorat:
871 2087 1030 2144 Scaeas,
1072 2088 1229 2143 Idaeas,
1272 2089 1468 2141 tertiam,
1514 2104 1626 2151 quae
1668 2089 1795 2135 versu

120 2189 127 2194 ’
176 2162 329 2227 campi
371 2161 627 2226 planitiem,
672 2172 718 2208 et
761 2169 986 2224 quartam,
1029 2179 1128 2226 quae
1177 2165 1234 2210 ad
1279 2163 1561 2210 Simoentem
1604 2163 1818 2218 ducebat,

127 2291 140 2312 a
178 2240 312 2287 Scaeae
345 2237 492 2288 versus
527 2237 813 2285 occidentem
850 2236 1123 2301 spectabant,
1191 2238 1357 2285 eaedem
1397 2236 1532 2283 etiam
1573 2236 1816 2283 Dardaniae

177 2314 311 2375 dic'tae
332 2333 346 2370 ;
386 2312 468 2361 etfi
511 2311 590 2359 has
627 2310 711 2359 alii
754 2310 902 2359 versus
939 2311 1156 2358 orientem
1190 2313 1289 2358 fitas
1324 2313 1406 2359 effe
1443 2312 1672 2366 volebant,
1712 2311 1818 2357 vide

178 2386 380 2449 Eustath.
410 2405 457 2452 ps
492 2389 605 2436 608.
650 2388 760 2451 609.
803 2401 943 2451 1274,
988 2405 1032 2441 1,
1076 2398 1122 2433 et
1169 2385 1448 2450 Hesychium
1480 2385 1529 2431 in
1564 2386 1716 2447 Δαξδά
1720 2409 1819 2434 ιιιιι

181 2463 319 2510 Adde
356 2462 514 2509 Daret,
553 2460 723 2509 Excid.
760 2461 849 2508 Tr.
882 2477 926 2508 c.
961 2476 1008 2522 4.
1076 2460 1189 2507 Haec
1221 2476 1300 2523 per
1322 2461 1364 2507 se
1397 2460 1514 2508 levia
1549 2477 1601 2506 ac
1636 2478 1747 2507 vana
1770 2470 1815 2509 isz

180 2537 329 2601 Trqjae
341 2535 611 2600 topographia
624 2534 682 2581 ad
696 2539 932 2598 poetarum
946 2534 1048 2581 loca
1063 2535 1278 2581 nonnulla
1294 2534 1560 2581 declaranda
1575 2534 1815 2582 utilitatem

175 2609 362 2675 habent.
384 2626 430 2658 v.
454 2609 513 2656 de
533 2624 586 2655 ea
615 2608 935 2656 Commentat.
978 2607 1029 2655 in
1065 2609 1160 2658 To»
1199 2607 1288 2658 VI.
1329 2610 1621 2656 Commentatt.
1647 2609 1731 2656 Soc.
1756 2608 1814 2656 R.

182 2688 298 2737 Gott.

599 2769 1175 2829 EXCURSUS
1263 2782 1378 2831 XV.

244 2877 314 2934 Π,
339 2881 450 2944 781.
475 2881 566 2944 782
599 2879 676 2926 Ad
690 2893 847 2927 terram
861 2880 1099 2943 Hesperiam
1118 2867 1275 2935 vetiies,
1294 2880 1369 2927 ubi
1388 2868 1541 2943 Lydius
1560 2892 1679 2927 arva
1694 2871 1816 2926 Inter

181 2961 316 3022 'opima
348 2964 500 3006 ‘viram
534 2955 623 3004 leni
637 2959 744 3016 fluit
774 2961 940 3020 agmine
978 2955 1156 3019 Tssybris
1172 2974 1189 3002 .·
1232 2955 1331 3002 Illic
1353 2975 1414 3002 res
1433 2955 1549 3002 laetoe
1572 2974 1816 3019 regnumque

178 3033 222 3078 'et
244 3034 362 3095 regia
381 3031 706 3096 eorgjux=Parta
728 3030 820 3078 tibi.
885 3028 942 3075 In
964 3028 1034 3076 his
1061 3029 1259 3076 versibus
1276 3028 1428 3092 gravis
1451 3029 1634 3074 censura
1652 3034 1816 3092 poetae

60 3091 92 3119 ν’
182 3102 402 3162 occurrit.
469 3099 697 3151 Audierat
725 3100 899 3151 scilicet
931 3098 1096 3151 AEneas
1122 3104 1214 3167 jam
1237 3118 1333 3152 tum
1359 3120 1414 3150 ex
1450 3103 1637 3158 Creusa,
1676 3120 1813 3166 quam

176 3175 234 3226 in
255 3190 417 3227 terram
438 3177 537 3247 fata·
554 3187 657 3225 e‘um
671 3175 805 3225 effent
824 3178 1042 3226 duetura:
1069 3190 1198 3225 norat
1221 3177 1487 3242 Hesperiam
1507 3191 1551 3225 et
1565 3177 1778 3224 Tiberim
1798 3196 1813 3234 ;

181 3249 278 3316 ipse
299 3250 511 3300 Tiberim
530 3249 581 3298 in
601 3250 788 3299 discessu
810 3251 868 3299 ab
891 3252 1213 3300 Andromache
1234 3253 1357 3299 facto
1382 3264 1598 3299 memorat
1620 3251 1701 3298 lib.
1720 3251 1814 3307 111,

150 3355 161 3367 κ
183 3327 282 3392 300
315 3325 383 3390 sq.
451 3323 636 3372 Latium
654 3324 789 3373 sociis
809 3326 1003 3374 ostendit
1023 3327 1232 3374 laborum
1254 3326 1388 3386 finem
1410 3325 1452 3380 I,
1482 3343 1542 3373 20
1547 3343 1571 3391 5
1594 3325 1816 3374 Tendimus

155 3395 231 3448 «ru
246 3399 422 3457 Latium,
436 3410 523 3446 etc.
545 3409 591 3445 et
606 3398 839 3463 Apollinis
861 3398 1044 3463 Grynei
1063 3401 1314 3456 oraculum,
1336 3400 1460 3463 quod
1481 3399 1564 3447 lib.
1586 3399 1678 3453 IV,
1703 3415 1815 3462 345.

181 3472 282 3542 346
314 3471 372 3520 de
399 3471 578 3520 sedibus
598 3471 646 3520 in
663 3473 794 3521 Italia
817 3473 912 3522 fato
933 3473 1164 3521 destinatis
1194 3474 1315 3522 haud
1338 3473 1479 3522 dubie
1489 3475 1588 3536 jam
1606 3484 1708 3520 ante
1723 3471 1815 3518 dis-

183 3554 208 3566 ’·
954 3546 1005 3596 U
1039 3564 1065 3599 2
1662 3545 1823 3597 cessum
