2294 4030
676 294 827 356 AD
892 295 1364 357 LIBRUM
1409 295 1514 357 vl.
1816 301 1923 359 811

287 459 469 518 modos,
500 476 616 524 quos
650 461 871 526 supplicia
908 465 1121 527 appellat,
1157 463 1321 521 refero,
1353 481 1400 512 v.
1437 478 1711 530 739—742,
1753 462 1835 511 ubi
1878 479 1924 510 v.

285 531 409 583 Not.
477 534 669 583 Eosdem
709 536 759 582 in
794 535 995 584 Etruscis
1025 539 1136 586 vafis
1171 539 1391 602 exprefl'os
1419 539 1504 586 effe
1525 537 1722 602 suspicio
1750 538 1812 584 est
1831 553 1927 584 non

280 622 403 655 vana
425 607 567 657 Gorii
587 609 715 658 Mus.
739 609 916 658 Etrusc.
941 610 1005 658 T.
1029 611 1096 668 Π,
1119 628 1165 674 p.
1192 614 1297 673 148.
1321 629 1408 674 132
1435 612 1533 676 sqq.
1599 610 1778 659 Pafferii
1794 611 1926 659 Para-

282 679 367 745 lip.
389 698 437 747 p.
468 696 556 746 139
575 681 685 730 Vas.
713 681 890 730 Etrusc.
932 683 995 731 Τ.
1035 683 1078 738 Ι,
1111 701 1156 747 p.
1193 700 1270 750 50.
1343 685 1496 733 Aliter
1526 686 1584 733 de
1602 684 1675 733 his
1693 684 1927 749 suppliciis

280 751 565 819 disputatum¹
581 771 610 802 a
629 755 816 802 Platone
837 755 884 802 in
908 755 1090 819 Gorgia
1113 772 1157 819 p.
1182 773 1206 818 3
1215 774 1270 821 ς’]
1288 756 1366 814 Ε.,
1389 758 1472 821 qui
1484 757 1603 805 sedes
1619 758 1835 806 doctrinae
1847 762 1923 809 est.

273 826 424 874 Adde
445 827 676 876 Plutarch.
712 828 770 875 de
799 827 896 874 sera
912 844 1036 877 num.
1059 829 1188 876 vind.
1221 829 1283 878 T.
1306 830 1375 887 II,
1400 833 1509 897 564.
1577 830 1651 878 De
1671 831 1926 881 millenario

267 911 505 951 *amictum
521 917 708 952 numero
722 918 768 950 ν.
791 902 909 951 Not.
932 903 991 949 ad
1014 920 1059 952 v.
1082 920 1194 969 745.
1818 897 1841 909 ”

710 1051 1287 1101 EXCURSUS
1354 1054 1495 1102 XIV.

386 1140 711 1198 Futurarum
733 1160 907 1198 rerum
927 1142 1297 1218 praedt'c‘liones
1325 1145 1380 1198 in
1397 1145 1537 1220 epico
1566 1144 1811 1199 carmine.

341 1248 436 1309 VI,
471 1268 496 1316 7
504 1267 563 1317 5²
589 1251 685 1315 sqq.
720 1250 793 1298 Ita
814 1250 906 1298 fere
929 1249 1168 1297 hominum
1188 1249 1422 1314 ingenium
1446 1252 1550 1306 fert,
1584 1264 1635 1298 ut
1667 1252 1920 1300 futurarum

280 1341 431 1378 rerum
453 1325 732 1374 obscuritate
752 1327 898 1374 multo
922 1325 1067 1391 magis
1088 1338 1366 1382 moveantur,
1389 1343 1522 1390 quam
1544 1327 1769 1391 praesentis
1791 1327 1923 1372 status

274 1398 617 1464 perspicacitate
647 1412 693 1447 et
729 1399 989 1457 evidentia3
1024 1399 1093 1446 uti
1130 1415 1200 1453 ea,
1235 1416 1334 1462 quae
1366 1411 1527 1464 praeter
1557 1412 1728 1446 naturae
1751 1415 1920 1447 morem

274 1471 409 1528 fiunt,
447 1473 610 1538 vulgus
647 1473 888 1522 hominum
925 1475 1071 1521 multo
1111 1473 1256 1539 magis
1289 1475 1554 1538 percellunt,
1591 1491 1725 1537 quam
1745 1490 1843 1538 quae
1863 1489 1921 1521 ex

274 1543 491 1612 Praeclaro
533 1563 706 1598 naturae
742 1548 902 1596 ordine
942 1548 1213 1611 procedunt,
1247 1549 1326 1612 qui
1366 1561 1515 1596 tamen
1556 1549 1721 1595 animis
1763 1548 1922 1594 nostris

274 1622 423 1674 multo
457 1623 671 1672 clariores
704 1640 756 1673 ac
794 1623 1070 1687 potentiores
1105 1623 1384 1670 admirandae
1404 1635 1449 1670 et
1472 1623 1712 1670 adorandae
1747 1621 1918 1669 divinae

273 1707 446 1745 naturae
461 1714 513 1746 ac
537 1699 839 1764 providentiae
862 1697 1024 1744 caussas
1043 1696 1324 1761 suppeditare
1345 1709 1522 1760 poterat
1535 1713 1585 1743 ac
1606 1697 1811 1743 debebat.
1829 1696 1921 1742 Sed

271 1771 487 1820 caecutire
497 1774 717 1822 malumus
727 1773 785 1832 jn
798 1772 987 1820 incertis
1012 1787 1147 1835 quarn
1164 1771 1209 1818 in
1225 1771 1357 1818 certis
1378 1771 1699 1835 perspiciendis
1719 1769 1920 1834 acquies-

199 1841 201 1843 ’
271 1862 390 1895 cere.
413 1846 573 1912 Itaque
582 1833 753 1912 poetae,
765 1846 847 1911 qui
868 1845 1074 1892 humanae
1089 1857 1257 1891 naturae
1279 1861 1448 1891 morem
1466 1857 1510 1891 et
1533 1844 1733 1891 indolem
1753 1845 1800 1890 in
1821 1843 1919 1891 suos

271 1921 372 1968 usus
389 1921 590 1980 trahunt,
605 1938 699 1970 rem
720 1922 934 1970 viderunt
954 1920 1037 1967 effe
1060 1918 1562 1966 accommodatissimam
1584 1919 1641 1965 ad
1666 1919 1836 1965 animos
1851 1931 1916 1966 te-

267 1996 441 2045 nendos
451 2009 496 2046 et
511 1997 818 2054 delectandos,
828 2007 879 2043 ut
896 2012 953 2044 ex
967 2011 1112 2042 rerum
1126 1995 1242 2059 gesta
1249 2010 1343 2040 rum
1360 1994 1576 2040 memoria
1590 2008 1658 2048 ea,
1674 2011 1771 2056 quae
1785 2009 1917 2057 argu-

269 2071 414 2122 menti
446 2071 567 2138 epici
590 2085 791 2137 tempore
813 2072 949 2126 effent
971 2069 1159 2126 seriora,
1191 2085 1270 2133 per
1292 2068 1506 2116 vaticinii
1533 2069 1719 2116 modum
1743 2068 1915 2115 intexe-

267 2155 398 2201 rent3
420 2162 512 2210 quo
534 2145 730 2195 artificio
751 2145 832 2210 ipfi
857 2143 1025 2208 tragici.
1048 2143 1201 2208 copias
1231 2142 1503 2190 dramaticas
1526 2143 1798 2207 amplificare
1821 2159 1914 2189 non

267 2216 509 2284 dedignati
543 2219 660 2270 sunt.
729 2218 801 2267 Ut
845 2218 968 2266 enim
1000 2231 1174 2265 taceam
1200 2218 1376 2265 umbras
1413 2231 1635 2272 evocatas,
1675 2230 1915 2281 vatumque

266 2291 421 2349 effata,
454 2294 527 2342 vel
565 2294 765 2348 oracula,
797 2309 899 2358 quae
929 2292 1080 2356 passim
1114 2291 1163 2338 in
1197 2292 1383 2356 tragicis
1417 2303 1671 2348 occurrunt,
1710 2290 1916 2352 AEschyli

267 2363 559 2416 Prometheus
592 2370 768 2420 vinctus
789 2367 867 2417 Ius
887 2367 983 2414 fata
1005 2366 1174 2414 diserto
1198 2378 1241 2412 et
1262 2378 1422 2413 ornato
1447 2364 1666 2411 vaticinio
1695 2364 1882 2427 exponit
1895 2383 1908 2420 3

265 2440 362 2491 fata
382 2459 490 2493 vero
512 2444 671 2510 Trojae
692 2445 847 2509 resque
875 2445 970 2507 post
995 2443 1189 2506 Trojam
1211 2454 1516 2507 expugnatam
1539 2440 1787 2487 doftiffimo
1808 2439 1911 2487 dra-

266 2526 387 2564 mate
425 2516 743 2583 Lycophronis
785 2517 1031 2565 Caffandra
1050 2537 1063 2573 3
1102 2517 1271 2579 majore
1312 2517 1478 2580 utiquev
1498 2532 1602 2562 cum
1626 2515 1686 2569 vi,
1723 2530 1858 2578 quam
1877 2515 1910 2564 fi

265 2591 435 2639 eaedem
459 2607 526 2640 res
541 2595 636 2656 jam
653 2594 782 2658 gestae
801 2604 846 2638 et
867 2592 926 2638 ad
947 2602 1156 2639 eventum
1178 2591 1401 2654 perductae
1423 2602 1610 2636 narratae
1630 2590 1779 2636 effent.
1818 2588 1907 2635 Sed

262 2663 405 2730 epicae
424 2667 674 2716 narrationi
696 2666 925 2720 ,variandae
935 2665 1323 2729 et—locupletandae
1340 2664 1440 2711 talis
1460 2662 1667 2710 vaticinii
1687 2661 1908 2726 expositio

262 2736 473 2804 inprimis
503 2742 848 2790 accommodata
870 2741 923 2788 fit
952 2741 1120 2788 neceffe
1154 2740 1230 2793 est,
1268 2756 1372 2787 cum
1406 2754 1462 2786 ex
1484 2737 1735 2784 futurarum
1758 2752 1906 2784 rerum

262 2812 552 2879 praediffione
570 2826 747 2861 tantum
771 2813 1014 2877 voluptatis
1031 2828 1134 2860 cnm
1158 2811 1455 2858 admiratione
1478 2810 1655 2873 capiant
1679 2810 1902 2861 mortales.

259 2885 376 2955 VQO
411 2888 553 2954 magis
586 2890 674 2942 tale
705 2886 960 2952 episodium
981 2886 1229 2951 optandum
1268 2886 1358 2932 fuit
1389 2884 1611 2949 Virgilio,
1643 2885 1771 2948 cujus
1805 2896 1902 2937 tota

261 2961 418 3011 AEneis
430 2981 486 3012 ex
509 2965 719 3018 oraculis,
742 2964 946 3019 somniis,
967 2974 1013 3010 et
1026 2962 1253 3010 vaticiniis
1270 2962 1449 3026 pendet.

330 3037 615 3092 Praedicendi
635 3053 784 3088 autem
807 3055 874 3086 res
891 3038 1064 3086 futuras
1097 3036 1224 3084 modi
1258 3053 1350 3084 non
1370 3037 1489 3084 adeo⁴
1507 3034 1640 3083 multi
1676 3035 1793 3091 sunt,
1815 3050 1898 3085 nec

260 3111 346 3163 nisi
365 3127 393 3160 a
415 3113 612 3171 vatibus,
643 3125 722 3162 aut
738 3129 764 3165 a
783 3112 878 3163 viso
899 3112 974 3163 seu
991 3110 1286 3176 vigilantibus
1306 3109 1379 3158 seu
1398 3108 1737 3170 somniantibus,
1762 3109 1900 3157 modo

258 3203 289 3239 a
318 3186 598 3239 daemonibus
634 3187 710 3236 seu
740 3186 906 3260 geniis,
938 3186 1078 3234 modo
1113 3183 1302 3250 magicis
1322 3171 1560 3232 hominum
1592 3182 1779 3239 artibus,
1813 3183 1898 3231 ob·

250 3261 397 3336 jecto,
429 3270 506 3307 aut
529 3259 586 3308 ab
603 3260 696 3326 ipsa
714 3261 872 3309 divina
892 3271 1069 3316 natura,
1100 3257 1324 3323 proficisci
1345 3257 1462 3325 poffe
1478 3256 1657 3304 videtur
1677 3257 1764 3303 ulla
1779 3273 1896 3320 prae-

253 3330 419 3387 dictio.
484 3333 679 3387 Nullum
707 3352 764 3391 ex
785 3335 855 3383 his
874 3350 1014 3404 genus
1045 3334 1123 3391 est,
1153 3333 1277 3398 quod
1299 3332 1519 3383 intaftum
1542 3347 1568 3377 a
1587 3329 1738 3396 poetis
1761 3330 1895 3379 relic..

259 3419 358 3479 tum
390 3409 460 3463 fit.
527 3409 757 3465 Omnium·
785 3410 957 3478 primus
977 3410 1176 3460 Homerus
1208 3406 1449 3457 evocandis
1470 3405 1655 3459 Tirefiae
1674 3404 1898 3454 Manibus

1729 3478 1894 3544 Ulyffis
1905 3524 1908 3526 Α
