2294 4030
437 399 547 468 792
788 369 1401 441 EXCURSUS
1474 368 1547 428 v.
1610 363 1699 428 vr

434 554 513 601 est.
581 551 733 600 Etiam
756 546 878 613 apud
902 544 1125 594 Ovidium
1149 543 1273 590 Met.-
1299 538 1575 602 XIV,'‘1o4.
1615 535 1704 586 106
1733 536 1865 602 sqq-,⁴
1886 533 1969 600 qui
1985 534 2057 583 10⁴

434 642 539 674 cum
571 628 689 674 hunc
724 620 916 687 Virgilii
951 617 1178 682 expreffit,
1211 613 1270 662 ad
1313 629 1452 661 unam
1491 611 1715 660 feminam
1747 611 1905 660 omnia
1939 610 2060 658 refe-

434 714 610 751 runtur.
692 698 831 763 Qod
866 707 1019 744 autem
1071 692 1191 739 inter
1248 689 1446 753 Sibyllas
1491 705 1551 737 ex
1599 687 1828 736 Varronis
1873 683 2061 751 recensu

434 775 556 839 apud
592 771 928 823 Laaant.1nst.
959 767 1082 820 Div.
1114 768 1158 819 Ι,
1191 764 1221 813 6
1257 762 1529 826 Deiphobes
1562 778 1731 811 nomen
1753 778 1847 811 non
1866 760 2062 825 legitur,

433 852 575 899 nolim
607 849 814 898 adversus
836 849 1020 911 poetam
1044 853 1229 906 urgere,
1263 837 1344 902 qui
1377 837 1490 885 alios
1513 838 1739 892 auctores,
1771 852 1911 902 quam
1945 850 2064 898 quoe

436 929 589 976 Varro
625 927 819 989 legerat,
871 918 1040 967 habere
1084 914 1255 981 potuit,
1306 929 1421 978 quos
1481 913 1746 977 sequeretur
1764 931 1792 969 3,
1836 922 1888 960 ut
1945 911 2064 973 saepe

437 1003 605 1049 fastum
638 997 835 1046 vidimus
873 993 923 1042 in
956 991 1076 1044 aliis,
1113 1001 1161 1038 ut
1201 987 1487 1036 reconditam
1533 986 1738 1051 aliquam
1767 994 2066 1050 expromeret

436 1074 688 1123 doctrinam
711 1073 866 1119 Maro.
933 1067 1122 1113 Summa
1160 1080 1342 1127 quoque
1381 1061 1572 1111 omnino
1612 1062 1664 1109 in
1700 1059 1960 1110 nominibus
1995 1059 2065 1107 Si-

436 1152 659 1213 byllarum
694 1144 937 1195 recitandis
974 1142 1096 1190 inter
1138 1153 1319 1188 veteres
1375 1140 1439 1187 est
1476 1138 1734 1194 diverlitaS,
1783 1150 1835 1187 ut
1895 1155 1956 1187 ex
2005 1135 2064 1184 iis

438 1226 560 1290 ipfis,
621 1240 720 1287 quae
781 1221 840 1267 ab
915 1215 1240 1266 Holdswortho
1288 1216 1505 1279 congesta
1553 1213 1682 1280 sunt,¹
1741 1214 1846 1263 satis
1923 1229 2068 1278 appa-

437 1311 541 1355 ret;
575 1310 622 1345 et
658 1297 705 1344 in
747 1294 921 1355 Sibylla
960 1294 1172 1340 Cumana
1210 1307 1375 1355 parum
1414 1289 1493 1337 fibi
1527 1302 1739 1338 veterum
1777 1289 2068 1338 historiarum

439 1375 547 1421 fides
571 1373 762 1420 constat.
825 1367 1028 1417 Videtur
1049 1365 1127 1414 illa
1148 1365 1313 1413 Cumis
1347 1365 1501 1430 potius
1526 1365 1726 1414 AEolidis
1749 1364 1878 1413 fuiffe
1908 1365 2070 1412 oriun-

439 1449 517 1503 da,
552 1449 671 1496 unde
703 1446 844 1494 etiam
888 1444 1128 1507 Erythraea
1165 1442 1226 1488 est
1264 1442 1517 1506 appellata.
1565 1440 1625 1490 cf.
1662 1439 1948 1489 Aristot.·de
1989 1439 2070 1487 ad-

440 1524 544 1572 mir.
574 1530 616 1585 ᾗ.
643 1539 722 1587 90.
789 1522 865 1569 De
883 1521 971 1567 hoc
996 1536 1043 1566 v.
1076 1517 1134 1565 ad
1157 1517 1337 1565 Tibull.
1364 1518 1433 1571 ΙΙ,
1460 1533 1507 1582 5,
1547 1531 1604 1581 19
1628 1527 1747 1573 not„
1782 1516 1862 1565 ubi
1892 1515 2072 1571 AEneae,

441 1611 545 1645 ante
590 1614 726 1662 quam
771 1612 798 1643 a
848 1594 1004 1642 littore
1044 1591 1256 1654 Trojano
1302 1592 1521 1646 solveret,
1557 1591 1732 1655 Sibylla
1775 1591 2073 1640 vaticinatur.

444 1672 582 1736 Qod
607 1673 638 1719 fi
681 1688 785 1719 curn
823 1669 896 1722 iis,
933 1667 1014 1732 qui
1052 1668 1099 1716 in
1136 1667 1367 1715 coloniam
1407 1667 1635 1721 exierant,
1670 1667 1731 1715 ad
1772 1667 1959 1715 Italiam
1995 1683 2070 1714 ac-

440 1749 580 1801 ceffit,
614 1761 767 1795 tamen
796 1745 876 1793 vel·
902 1745 958 1792 fic
978 1744 1124 1791 multo
1159 1742 1315 1808 utique
1348 1742 1489 1790 serior
1517 1742 1597 1789 illa
1619 1742 1840 1806 Trojanis
1874 1745 1936 1792 est
1958 1755 2073 1791 tem-

442 1826 626 1889 poribus
647 1843 661 1880 ;
696 1838 746 1871 ut
782 1823 902 1870 recle
939 1821 1099 1868 Livius
1139 1821 1182 1874 Ι,
1227 1837 1251 1884 7
1293 1820 1467 1868 dixerit
1491 1819 1758 1885 fatiloquam
1799 1821 2076 1868 Carmentam

442 1916 541 1948 ante
578 1900 747 1962 Sibyllae
773 1905 817 1946 in
848 1896 1026 1945 Italiam
1055 1899 1308 1944 adventum.
1375 1898 1543 1960 Itaque
1578 1897 1820 1959 Erythraea
1858 1896 2076 1944 seriorem

444 1975 694 2021 Cumanam
715 1973 855 2022 fecere
877 1970 974 2025 alii,
1017 1970 1166 2016 Demo
1199 1986 1306 2017 vero
1331 1970 1516 2017 nomine
1538 1969 1707 2017 dictam
1729 1988 1800 2034 ap.
1840 1970 1966 2027 Paus-
2004 1971 2075 2028 X,

451 2064 525 2101 12,
557 2066 600 2111 p.
627 2050 733 2096 828.
802 2046 952 2092 Po'etae
971 2057 1117 2090 tamen
1141 2043 1293 2090 omnia
1315 2044 1430 2097 haec,
1452 2044 1730 2108 temporibus
1751 2037 1866 2092 adeo
1885 2057 2076 2104 remota,

444 2115 495 2167 in
533 2134 667 2168 unum
701 2135 863 2183 cogere
892 2117 1021 2164 licuit
1033 2135 1046 2172 3
1079 2129 1133 2163 ut
1162 2116 1319 2174 etiam,
1359 2114 1510 2165 relicta
1540 2116 1730 2165 omnino
1759 2118 2078 2167 defunctorum

446 2194 723 2248 evocatione,
739 2193 795 2240 ad
815 2191 1032 2256 Delphici
1051 2191 1224 2238 oraculi
1242 2193 1497 2256 exemplum
1517 2188 1739 2254 Sibyllam
1759 2193 1917 2258 templi
1936 2194 2080 2242 sacer-

446 2269 599 2316 dotem
619 2280 663 2315 et
686 2282 829 2316 vatem
847 2267 1145 2314 constitueret.
1211 2262 1339 2332 Qid
1357 2269 1373 2313 ?
1397 2266 1519 2331 quod
1545 2277 1756 2330 praeterea
1776 2268 1909 2316 tertia
1924 2268 2080 2333 aliqua

450 2342 644 2391 muneris
681 2356 803 2406 parte
830 2358 926 2388 eam
964 2340 1201 2404 impertiit,
1240 2343 1349 2388 dum
1384 2342 1490 2388 luco
1523 2339 1645 2388 circa
1668 2341 1920 2400 Avernum,
1945 2359 2080 2409 quem

452 2414 499 2463 T
504 2417 625 2464 riviae
641 2417 835 2473 dixerat,
859 2429 952 2463 tum
973 2415 1052 2479 ipsi
1078 2417 1260 2461 Averno
1283 2427 1326 2461 et
1347 2415 1492 2462 aditui
1505 2416 1564 2462 ad
1583 2414 1684 2463 loc‘a
1703 2415 1848 2464 infera
1858 2434 1957 2464 eam
1969 2433 2082 2482 prae-

451 2491 580 2550 fecit,
620 2489 682 2535 ita
718 2502 767 2536 ut
802 2507 882 2553 pro
917 2490 1031 2536 duce
1052 2488 1285 2536 descensus
1307 2489 1365 2535 ad
1387 2506 1440 2536 ea
1468 2489 1569 2536 loca
1599 2488 1682 2537 effe
1704 2490 1842 2554 poss‘et
1863 2493 2016 2540 AEneae
2036 2509 2081 2540 v.

459 2581 564 2627 109.
595 2582 608 2610 1
629 2579 698 2628 17.
729 2581 744 2610 1
763 2581 777 2610 1
792 2567 815 2610 8
841 2575 884 2611 et
910 2563 1002 2628 564
1024 2564 1120 2625 fid,
1142 2582 1202 2609 me
1223 2581 1342 2626 quum
1365 2561 1463 2610 lucis
1486 2564 1643 2610 Hecate
1650 2561 1845 2628 praeficit
1866 2565 2080 2618 Avernis,

450 2637 548 2700 Ipsa
563 2640 677 2684 deum
687 2650 835 2699 poenas
854 2638 983 2684 docuit
995 2650 1149 2699 perque
1166 2643 1301 2683 omnia
1316 2638 1453 2683 duxit.
1520 2636 1739 2684 Constans
1756 2638 1908 2686 saltem
1924 2649 2019 2686 erat
2035 2638 2084 2685 in‘

450 2709 586 2757 Italia
620 2724 763 2758 vetere
799 2709 997 2757 narratio
1035 2711 1092 2757 de
1122 2709 1296 2771 Sibylla
1326 2710 1555 2764 Cumana,
1576 2722 1622 2757 et
1644 2709 1841 2771 θάλαμος
1861 2716 2089 2775 κατάγειος

451 2787 545 2849 ejus
562 2785 722 2833 Cumis
741 2785 1083 2841 monstrabatur,
1104 2785 1150 2831 h.
1190 2802 1231 2832 e.
1269 2798 1467 2839 antrum,
1488 2785 1612 2849 quod
1634 2802 1718 2850 pro
1750 2789 1889 2837 domo
1920 2791 2086 2850 fuerat,

454 2877 527 2922 ap.
560 2861 693 2906 Aust.
728 2861 786 2906 de
815 2860 973 2908 mirab.
1016 2859 1178 2908 Audit.
1203 2860 1235 2906 l.
1271 2876 1338 2916 c.,
1369 2859 1447 2907 ubi
1467 2871 1513 2906 et
1536 2875 1698 2907 nomen
1719 2863 1814 2925 ejus
1832 2864 2007 2927 editum
2028 2867 2090 2916 ab

455 2935 556 2982 aliis
579 2933 881 2982 Melachraena
913 2935 950 2982 f.
986 2939 1315 2998 μελάγχλαινα.
1354 2935 1605 2998 Hydriam,
1641 2937 1681 2984 s.'
1713 2932 1892 2996 urnam,
1929 2941 1979 2989 in
2000 2959 2090 3007 qua

454 3012 547 3072 ejus
569 3010 656 3056 offa
675 3010 859 3056 condita
879 3011 1030 3066 effent,
1053 3013 1268 3059 servatam
1289 3010 1450 3059 Cumis
1471 3010 1522 3058 in
1540 3006 1769 3077 Apollinis
1788 3014 1974 3082 templo,
1997 3034 2090 3067 mc-

456 3096 602 3132 morat
628 3084 662 3132 l.
683 3100 725 3131 c.
750 3084 997 3133 Pausanias,

915 3231 955 3278 E
990 3231 1039 3278 X
1074 3232 1117 3281 C
1149 3231 1200 3280 U
1234 3232 1280 3280 R
1315 3233 1345 3281 S
1379 3230 1429 3283 U
1459 3232 1489 3281 S
1557 3232 1651 3287 VI,

1051 3320 1258 3381 Ramus
1289 3338 1503 3383 aureus.
1572 3387 1577 3389 λ
1632 3355 1634 3357 ·

524 3429 616 3487 Vl,
651 3434 738 3494 136
762 3431 859 3497 sqq.
891 3432 1028 3481 Rami
1049 3432 1183 3496 hujus
1209 3433 1330 3481 aurei
1366 3430 1532 3481 cauffas
1553 3432 1715 3492 varias,
1748 3434 1963 3499 mysticas
1977 3452 2090 3501 quo-

459 3525 563 3570 que,
595 3522 759 3557 veteres
778 3524 823 3557 et
843 3509 1107 3558 recentiores
1129 3510 1460 3575 excogitarunt.
1498 3529 1542 3559 v.
1565 3510 1825 3560 Servianam
1854 3525 2008 3561 notam
2031 3512 2092 3560 ad

458 3580 505 3632 h.
523 3583 556 3634 1.
620 3581 801 3633 Metalli
823 3582 1046 3652 mutandi·
1065 3583 1260 3635 rationes
1294 3583 1373 3634 bic
1405 3585 1643 3652 quaesivere
1673 3584 1905 3648 nonnulli,
1923 3587 2095 3636 Borri-

1966 3662 2097 3714 chius
