2372 4030
475 358 699 419 Lxxu
750 333 1022 441 DISQ
1046 338 1136 409 11.
1179 338 1311 408 DE
1353 339 1573 408 RER.
1624 340 1731 408 IN
1766 342 1960 410 AEN.

471 529 693 592 tutum
719 513 844 583 esse
873 516 1137 584 vellent.
1235 515 1398 585 Non
1429 517 1620 585 nobis
1639 518 1784 610 jam
1832 518 1902 586 id
1935 543 2127 612 quae..

469 631 675 709 ritur,'
710 643 870 722 quae'
890 630 1126 700 harum
1149 630 1597 707 narrationum
1626 621 1870 707 caeteris
1901 634 2126 702 verifi-

425 794 428 796 —
473 743 700 816 milior
731 744 807 812 fit
829 778 853 824 ς
902 770 1134 814 verum
1188 746 1410 816 nostra*
1447 771 1527 815 eo
1556 744 1802 837 specstat
1837 745 2131 839 disputa.-

474 859 591 934 tio,
639 871 713 922 ut
745 879 828 922 ex
858 853 979 923 hac
1009 854 1146 948 ipsa
1175 859 1562 924 narrationis
1585 860 1891 926 varietate
1913 861 2131 928 mani„

475 969 717 1039 festum
742 968 854 1037 fiat
874 968 968 1048 id,
1017 970 1200 1062 quod
1229 971 1561 1050 volumuS,
1608 996 1743 1040 non
1774 972 2128 1044 obscurum

476 1087 765 1177 aliquem
798 1087 867 1152 in
901 1102 1114 1153 vetere
1144 1083 1412 1154 historia
1441 1103 1552 1158 aut
1577 1088 1745 1155 inter
1773 1093 1999 1179 poetas
2023 1088 2130 1161 vi-

475 1226 630 1271 rum
663 1201 851 1268 fuiffe
872 1205 1184 1279 AEneam‚
1231 1227 1351 1269 nec
1381 1204 1522 1295 ejus
1548 1197 1678 1272 fata
1703 1220 1776 1284 et,
1798 1229 1894 1271 res
1912 1228 1948 1271 a
1973 1205 2130 1273 Vir-.-

478 1319 641 1409 gilio
704 1319 979 1384 demum
1039 1319 1333 1399 inventas
1390 1319 1512 1387 effe
1582 1336 1646 1387 et
1704 1320 2131 1412 excogitatas,

480 1433 602 1499 Illa
632 1433 811 1500 enim
842 1433 979 1525 ipsa
1007 1435 1389 1514 narrationis
1431 1434 1758 1502 diverfitas
1791 1434 2135 1530 arguitdi-

479 1549 843 1615 verfitatem
885 1552 1257 1627 auetorum,
1302 1551 1419 1641 qui
1466 1549 1545 1616 de
1583 1553 1804 1618 AEnea
1849 1551 2134 1619 tradide÷

480 1679 652 1740 rant,
688 1679 750 1728 et
774 1661 1119 1753 poetarum
1146 1665 1263 1754 qui
1284 1664 1459 1730 idem
1478 1680 1942 1756 argumentum
1966 1680 2136 1735 trac-2

482 1791 793 1844 taverant.
890 1778 980 1855 Ut
1011 1779 1192 1844 enim
1223 1785 1418 1870 po‘eta
1475 1777 1758 1871 quisque
1814 1781 1885 1859 in
1925 1766 2136 1847 mate-.-

480 1893 647 1962 riam
673 1892 752 1957 ab
785 1893 928 1964 aliis
963 1909 1107 1958 ante
1141 1890 1203 1970 se
1236 1896 1577 1970 tradtatam
1609 1894 1862 1974 incidit,
1898 1895 2011 1974 ita,
2063 1909 2137 1963 ut

484 2006 599 2075 suo
624 2008 892 2082 confilio
934 2010 1038 2085 vel
1071 2025 1277 2076 totam
1312 2007 1609 2086 fabulam
1656 2010 1761 2085 vel
1793 2009 1944 2078 inde
1988 2034 2140 2103 parv

486 2137 625 2189 tem
656 2122 1133 2202 accommodet,
1184 2123 1494 2215 refingere
1542 2124 1859 2201 nonnulla
1890 2139 1952 2189 et
1985 2147 2139 2190 mu—

489 2255 647 2319 tare,
698 2238 929 2308 addere
989 2241 1093 2316 vel
1154 2238 1508 2318 detrahere,
1571 2238 1754 2315 solet.
1852 2237 2141 2311 Diverfis

490 2354 715 2444 itaque
747 2355 961 2421 modis
997 2355 1271 2431 eandem
1302 2380 1443 2423 rem
1474 2356 1716 2446 exponi
1746 2354 1990 2436 necesse
2023 2354 2138 2434 est‚

494 2471 811 2538 Historici
858 2489 1077 2543 autem
1108 2474 1327 2555 Graeci
1368 2473 1533 2539 dum
1565 2474 1694 2551 suae
1728 2472 2005 2546 civitatis
2034 2470 2143 2554 seu

492 2586 728 2678 populi
750 2588 1030 2677 origines
1062 2589 1455 2678 repetebant,
1486 2587 1871 2679 popularem
1894 2583 2144 2665 famam

493 2680 957 2789 sequebantur,
1087 2704 1384 2776 Soll-enne
1447 2703 1626 2768 enim
1685 2700 1815 2779 hoc
1865 2702 2143 2783 Graeciae

497 2813 893 2892 civitatibus,
933 2831 1002 2881 ut
1029 2814 1237 2908 stirpis
1260 2817 1362 2883 vel
1394 2816 1570 2895 urbis
1595 2816 2003 2892 conditorem
2034 2833 2147 2899 aut

498 2926 807 2996 haberent
854 2947 962 2997 aut
1017 2930 1239 3000 haberi
1284 2934 1525 3009 vellent
1558 2934 1809 3005 clarum
1852 2933 2149 3025 aliquem

501 3070 587 3127 ex
619 3045 851 3120 ultima
871 3048 1259 3138 antiquitate
1284 3050 1585 3118 hero'em.
1669 3051 2014 3143 Ejusmodi
2045 3051 2149 3126 fa-.-

500 3183 684 3228 mam
710 3163 1097 3252 popularem
1144 3188 1260 3255 per
1288 3166 1526 3250 multas
1559 3155 1776 3246 aetates
1826 3190 2153 3260 propaga-

501 3287 640 3346 tam
693 3276 844 3370 quis
896 3276 1056 3344 adeo
1124 3278 1408 3356 constare
1457 3278 1574 3345 fibi
1625 3282 2025 3372 expectabit,
2072 3298 2150 3351 ut

492 3390 684 3468 ‘nulla
713 3381 1038 3471 diverfitas
1076 3395 1456 3481 narrationis
1496 3395 1664 3462 inter
1690 3398 1910 3488 plures
1940 3396 2150 3477 tribus

503 3504 943 3590 autxpivitates
1002 3502 1297 3580 incidat?
1348 3509 1916 3604 quemadmodum
1957 3511 2154 3598 altera

2069 3648 2159 3700 CX
