<?xml version="1.0" encoding="UTF-8"?>
<!DOCTYPE html PUBLIC "-//W3C//DTD XHTML 1.0 Transitional//EN"
    "http://www.w3.org/TR/xhtml1/DTD/xhtml1-transitional.dtd">
<html xmlns="http://www.w3.org/1999/xhtml" xml:lang="en" lang="en">
 <head>
  <title>
</title>
<meta http-equiv="Content-Type" content="text/html;charset=utf-8" />
  <meta name='ocr-system' content='tesseract 3.04.00' />
  <meta name='ocr-capabilities' content='ocr_page ocr_carea ocr_par ocr_line ocrx_word'/>
</head>
<body>
  <div class='ocr_page' id='page_1' title='image "./operavarietatele02virguoft/operavarietatele02virguoft_0283.png"; bbox 0 0 2294 4030; ppageno 0'>
   <div class='ocr_carea' id='block_1_1' title="bbox 0 0 33 1230">
    <p class='ocr_par' dir='ltr' id='par_1_1' title="bbox 0 0 33 1230">
     <span class='ocr_line' id='line_1_1' title="bbox 0 0 33 1230; baseline 0 0"><span class='ocrx_word' id='word_1_1' title='bbox 0 0 33 1230; x_wconf 95' lang='lat' dir='ltr'> </span> 
     </span>
    </p>
   </div>
   <div class='ocr_carea' id='block_1_2' title="bbox 595 219 1866 308">
    <p class='ocr_par' dir='ltr' id='par_1_2' title="bbox 595 180 1866 308">
     <span class='ocr_line' id='line_1_2' title="bbox 595 219 1866 308; baseline 0.003 -23"><span class='ocrx_word' id='word_1_2' title='bbox 595 219 1132 298; x_wconf 73' lang='lat' dir='ltr'>AENEIDOS,</span> <span class='ocrx_word' id='word_1_3' title='bbox 1177 225 1395 293; x_wconf 65' lang='grc' dir='ltr'>ΜΒ.</span> <span class='ocrx_word' id='word_1_4' title='bbox 1450 228 1534 288; x_wconf 91' lang='lat'>11.</span> <span class='ocrx_word' id='word_1_5' title='bbox 1756 235 1866 308; x_wconf 80' lang='lat'>187</span> 
     </span>
    </p>
   </div>
   <div class='ocr_carea' id='block_1_3' title="bbox 218 393 1873 1278">
    <p class='ocr_par' dir='ltr' id='par_1_3' title="bbox 218 393 1857 698">
     <span class='ocr_line' id='line_1_3' title="bbox 218 393 1589 486; baseline -0.004 -25"><span class='ocrx_word' id='word_1_6' title='bbox 218 395 493 486; x_wconf 53' lang='lat' dir='ltr'>fEripui,</span> <span class='ocrx_word' id='word_1_7' title='bbox 514 394 722 467; x_wconf 83' lang='lat' dir='ltr'>fateor,</span> <span class='ocrx_word' id='word_1_8' title='bbox 761 396 880 455; x_wconf 92' lang='lat' dir='ltr'>leto</span> <span class='ocrx_word' id='word_1_9' title='bbox 907 413 1023 465; x_wconf 88' lang='lat' dir='ltr'>me,</span> <span class='ocrx_word' id='word_1_10' title='bbox 1065 393 1389 455; x_wconf 82' lang='lat' dir='ltr'>etvincula</span> <span class='ocrx_word' id='word_1_11' title='bbox 1415 396 1589 475; x_wconf 85' lang='lat' dir='ltr'>rupi:</span> 
     </span>
     <span class='ocr_line' id='line_1_4' title="bbox 235 508 1857 601; baseline -0.001 -28"><span class='ocrx_word' id='word_1_12' title='bbox 235 508 599 590; x_wconf 87' lang='lat' dir='ltr'>Limosoque</span> <span class='ocrx_word' id='word_1_13' title='bbox 626 509 759 601; x_wconf 79' lang='lat' dir='ltr'>lacu</span> <span class='ocrx_word' id='word_1_14' title='bbox 789 530 891 591; x_wconf 86' lang='lat' dir='ltr'>per</span> <span class='ocrx_word' id='word_1_15' title='bbox 917 511 1153 572; x_wconf 69' lang='lat' dir='ltr'>nostem</span> <span class='ocrx_word' id='word_1_16' title='bbox 1179 511 1458 572; x_wconf 84' lang='lat' dir='ltr'>obscurus</span> <span class='ocrx_word' id='word_1_17' title='bbox 1488 514 1550 571; x_wconf 91' lang='lat' dir='ltr'>in</span> <span class='ocrx_word' id='word_1_18' title='bbox 1576 513 1713 574; x_wconf 90' lang='lat' dir='ltr'>ulva</span> <span class='ocrx_word' id='word_1_19' title='bbox 1751 534 1816 593; x_wconf 84' lang='lat'>13</span> <span class='ocrx_word' id='word_1_20' title='bbox 1831 531 1857 592; x_wconf 80' lang='lat'>5</span> 
     </span>
     <span class='ocr_line' id='line_1_5' title="bbox 235 623 1667 698; baseline 0.001 -13"><span class='ocrx_word' id='word_1_21' title='bbox 235 625 491 696; x_wconf 69' lang='lat' dir='ltr'>Delitui,</span> <span class='ocrx_word' id='word_1_22' title='bbox 511 623 660 684; x_wconf 83' lang='lat' dir='ltr'>dum</span> <span class='ocrx_word' id='word_1_23' title='bbox 686 624 832 695; x_wconf 84' lang='lat' dir='ltr'>vela,</span> <span class='ocrx_word' id='word_1_24' title='bbox 860 625 1068 686; x_wconf 89' lang='lat' dir='ltr'>darent</span> <span class='ocrx_word' id='word_1_25' title='bbox 1092 623 1137 683; x_wconf 92' lang='lat' dir='ltr'>fi</span> <span class='ocrx_word' id='word_1_26' title='bbox 1167 625 1336 698; x_wconf 90' lang='lat' dir='ltr'>forte,</span> <span class='ocrx_word' id='word_1_27' title='bbox 1365 627 1667 688; x_wconf 85' lang='lat' dir='ltr'>dediffent.</span> 
     </span>
    </p>

    <p class='ocr_par' dir='ltr' id='par_1_4' title="bbox 226 733 1866 929">
     <span class='ocr_line' id='line_1_6' title="bbox 226 733 1866 821; baseline -0.002 -19"><span class='ocrx_word' id='word_1_28' title='bbox 226 733 368 802; x_wconf 84' lang='lat' dir='ltr'>Nec</span> <span class='ocrx_word' id='word_1_29' title='bbox 397 739 552 801; x_wconf 80' lang='lat' dir='ltr'>mihi</span> <span class='ocrx_word' id='word_1_30' title='bbox 568 738 700 821; x_wconf 84' lang='lat' dir='ltr'>jam</span> <span class='ocrx_word' id='word_1_31' title='bbox 714 739 973 818; x_wconf 86' lang='lat' dir='ltr'>patriam</span> <span class='ocrx_word' id='word_1_32' title='bbox 993 738 1304 817; x_wconf 87' lang='lat' dir='ltr'>antiquam</span> <span class='ocrx_word' id='word_1_33' title='bbox 1322 738 1451 819; x_wconf 90' lang='lat' dir='ltr'>spes</span> <span class='ocrx_word' id='word_1_34' title='bbox 1467 741 1586 799; x_wconf 89' lang='lat' dir='ltr'>ulla</span> <span class='ocrx_word' id='word_1_35' title='bbox 1602 741 1866 812; x_wconf 87' lang='lat' dir='ltr'>videndi,</span> 
     </span>
     <span class='ocr_line' id='line_1_7' title="bbox 233 851 1655 929; baseline -0.001 -16"><span class='ocrx_word' id='word_1_36' title='bbox 233 853 367 914; x_wconf 89' lang='lat' dir='ltr'>Nec</span> <span class='ocrx_word' id='word_1_37' title='bbox 395 851 588 912; x_wconf 90' lang='lat' dir='ltr'>dulcis</span> <span class='ocrx_word' id='word_1_38' title='bbox 616 865 784 911; x_wconf 79' lang='lat' dir='ltr'>natos</span> <span class='ocrx_word' id='word_1_39' title='bbox 813 864 1280 928; x_wconf 86' lang='lat' dir='ltr'>exoptatumque</span> <span class='ocrx_word' id='word_1_40' title='bbox 1309 865 1655 929; x_wconf 82' lang='lat' dir='ltr'>parentem:</span> 
     </span>
    </p>

    <p class='ocr_par' dir='ltr' id='par_1_5' title="bbox 233 963 1873 1278">
     <span class='ocr_line' id='line_1_8' title="bbox 235 963 1671 1048; baseline 0 -23"><span class='ocrx_word' id='word_1_41' title='bbox 235 965 406 1048; x_wconf 82' lang='lat' dir='ltr'>Qos</span> <span class='ocrx_word' id='word_1_42' title='bbox 435 965 524 1024; x_wconf 87' lang='lat' dir='ltr'>illi</span> <span class='ocrx_word' id='word_1_43' title='bbox 543 965 669 1024; x_wconf 22' lang='lat' dir='ltr'>*fors</span> <span class='ocrx_word' id='word_1_44' title='bbox 697 965 771 1024; x_wconf 90' lang='lat' dir='ltr'>ad</span> <span class='ocrx_word' id='word_1_45' title='bbox 799 983 1006 1044; x_wconf 90' lang='lat' dir='ltr'>poenas</span> <span class='ocrx_word' id='word_1_46' title='bbox 1035 963 1115 1022; x_wconf 92' lang='lat' dir='ltr'>ob</span> <span class='ocrx_word' id='word_1_47' title='bbox 1143 964 1336 1023; x_wconf 88' lang='lat' dir='ltr'>nostra</span> <span class='ocrx_word' id='word_1_48' title='bbox 1362 965 1671 1043; x_wconf 87' lang='lat' dir='ltr'><strong>reposcent</strong></span> 
     </span>
     <span class='ocr_line' id='line_1_9' title="bbox 233 1076 1873 1160; baseline 0.001 -19"><span class='ocrx_word' id='word_1_49' title='bbox 233 1078 577 1160; x_wconf 85' lang='lat' dir='ltr'>Effugia,.et</span> <span class='ocrx_word' id='word_1_50' title='bbox 594 1079 834 1157; x_wconf 88' lang='lat' dir='ltr'>culpam</span> <span class='ocrx_word' id='word_1_51' title='bbox 858 1079 1008 1136; x_wconf 87' lang='lat' dir='ltr'>hanc</span> <span class='ocrx_word' id='word_1_52' title='bbox 1030 1076 1374 1137; x_wconf 89' lang='lat' dir='ltr'>miserorum</span> <span class='ocrx_word' id='word_1_53' title='bbox 1393 1096 1585 1139; x_wconf 88' lang='lat' dir='ltr'>morte</span> <span class='ocrx_word' id='word_1_54' title='bbox 1606 1082 1873 1159; x_wconf 86' lang='lat' dir='ltr'>piabunt.</span> 
     </span>
     <span class='ocr_line' id='line_1_10' title="bbox 236 1189 1868 1278; baseline 0.001 -24"><span class='ocrx_word' id='word_1_55' title='bbox 236 1193 420 1278; x_wconf 85' lang='lat' dir='ltr'>Qod</span> <span class='ocrx_word' id='word_1_56' title='bbox 449 1207 528 1264; x_wconf 87' lang='lat' dir='ltr'>te,</span> <span class='ocrx_word' id='word_1_57' title='bbox 552 1212 660 1272; x_wconf 89' lang='lat' dir='ltr'>per</span> <span class='ocrx_word' id='word_1_58' title='bbox 686 1190 941 1271; x_wconf 81' lang='lat' dir='ltr'>superOS,</span> <span class='ocrx_word' id='word_1_59' title='bbox 964 1206 1022 1251; x_wconf 89' lang='lat' dir='ltr'>et</span> <span class='ocrx_word' id='word_1_60' title='bbox 1047 1189 1279 1250; x_wconf 87' lang='lat' dir='ltr'>conscia</span> <span class='ocrx_word' id='word_1_61' title='bbox 1307 1193 1555 1251; x_wconf 90' lang='lat' dir='ltr'>numina</span> <span class='ocrx_word' id='word_1_62' title='bbox 1583 1194 1726 1268; x_wconf 83' lang='lat' dir='ltr'>veri,</span> <span class='ocrx_word' id='word_1_63' title='bbox 1762 1216 1868 1271; x_wconf 89' lang='lat'>141</span> 
     </span>
    </p>
   </div>
   <div class='ocr_carea' id='block_1_4' title="bbox 232 1357 1882 2114">
    <p class='ocr_par' dir='ltr' id='par_1_6' title="bbox 232 1357 1882 2114">
     <span class='ocr_line' id='line_1_11' title="bbox 291 1357 1876 1411; baseline 0 -12"><span class='ocrx_word' id='word_1_64' title='bbox 291 1367 388 1410; x_wconf 81' lang='lat'>134.</span> <span class='ocrx_word' id='word_1_65' title='bbox 414 1361 479 1398; x_wconf 80' lang='lat' dir='ltr'>leto</span> <span class='ocrx_word' id='word_1_66' title='bbox 497 1361 624 1411; x_wconf 82' lang='lat' dir='ltr'>fateor</span> <span class='ocrx_word' id='word_1_67' title='bbox 650 1364 732 1397; x_wconf 66' lang='lat' dir='ltr'>fres</span> <span class='ocrx_word' id='word_1_68' title='bbox 759 1370 823 1410; x_wconf 73' lang='lat' dir='ltr'>ap.</span> <span class='ocrx_word' id='word_1_69' title='bbox 856 1357 993 1396; x_wconf 86' lang='lat' dir='ltr'>Burm.</span> <span class='ocrx_word' id='word_1_70' title='bbox 1041 1357 1167 1410; x_wconf 82' lang='lat' dir='ltr'>fateor</span> <span class='ocrx_word' id='word_1_71' title='bbox 1184 1373 1236 1396; x_wconf 84' lang='lat' dir='ltr'>me</span> <span class='ocrx_word' id='word_1_72' title='bbox 1253 1359 1316 1396; x_wconf 82' lang='lat' dir='ltr'>leto</span> <span class='ocrx_word' id='word_1_73' title='bbox 1344 1358 1422 1398; x_wconf 88' lang='lat' dir='ltr'>duo</span> <span class='ocrx_word' id='word_1_74' title='bbox 1455 1358 1550 1398; x_wconf 86' lang='lat' dir='ltr'>ibid.</span> <span class='ocrx_word' id='word_1_75' title='bbox 1664 1370 1753 1410; x_wconf 83' lang='lat'>135.</span> <span class='ocrx_word' id='word_1_76' title='bbox 1782 1363 1876 1399; x_wconf 75' lang='lat' dir='ltr'><em>lacus</em></span> 
     </span>
     <span class='ocr_line' id='line_1_12' title="bbox 236 1422 1877 1478; baseline 0 -16"><span class='ocrx_word' id='word_1_77' title='bbox 236 1422 368 1467; x_wconf 79' lang='lat' dir='ltr'>Goth.</span> <span class='ocrx_word' id='word_1_78' title='bbox 388 1435 450 1476; x_wconf 85' lang='lat' dir='ltr'>pr.</span> <span class='ocrx_word' id='word_1_79' title='bbox 505 1422 568 1461; x_wconf 86' lang='lat' dir='ltr'>sic</span> <span class='ocrx_word' id='word_1_80' title='bbox 588 1422 680 1462; x_wconf 90' lang='lat' dir='ltr'>deb.</span> <span class='ocrx_word' id='word_1_81' title='bbox 701 1422 943 1473; x_wconf 69' lang='lat' dir='ltr'>Limosaque</span> <span class='ocrx_word' id='word_1_82' title='bbox 978 1422 1228 1470; x_wconf 86' lang='lat' dir='ltr'>lacus—ulva,</span> <span class='ocrx_word' id='word_1_83' title='bbox 1255 1423 1362 1474; x_wconf 89' lang='lat' dir='ltr'>quod</span> <span class='ocrx_word' id='word_1_84' title='bbox 1396 1423 1622 1462; x_wconf 76' lang='lat' dir='ltr'>imitatione</span> <span class='ocrx_word' id='word_1_85' title='bbox 1655 1425 1877 1478; x_wconf 76' lang='lat' dir='ltr'>expressum</span> 
     </span>
     <span class='ocr_line' id='line_1_13' title="bbox 233 1483 1875 1540; baseline -0.001 -15"><span class='ocrx_word' id='word_1_86' title='bbox 233 1494 376 1539; x_wconf 80' lang='lat' dir='ltr'>putare</span> <span class='ocrx_word' id='word_1_87' title='bbox 392 1484 508 1540; x_wconf 82' lang='lat' dir='ltr'>poffls</span> <span class='ocrx_word' id='word_1_88' title='bbox 524 1498 547 1523; x_wconf 86' lang='lat' dir='ltr'>a</span> <span class='ocrx_word' id='word_1_89' title='bbox 567 1487 732 1524; x_wconf 85' lang='lat' dir='ltr'>Lucano</span> <span class='ocrx_word' id='word_1_90' title='bbox 753 1485 795 1523; x_wconf 84' lang='lat' dir='ltr'>in</span> <span class='ocrx_word' id='word_1_91' title='bbox 816 1494 913 1522; x_wconf 86' lang='lat' dir='ltr'>noto</span> <span class='ocrx_word' id='word_1_92' title='bbox 934 1483 1003 1522; x_wconf 84' lang='lat' dir='ltr'>illo</span> <span class='ocrx_word' id='word_1_93' title='bbox 1024 1496 1034 1522; x_wconf 87' lang='lat'>:</span> <span class='ocrx_word' id='word_1_94' title='bbox 1066 1485 1185 1535; x_wconf 87' lang='lat' dir='ltr'><em>Exsul</em></span> <span class='ocrx_word' id='word_1_95' title='bbox 1200 1487 1317 1536; x_wconf 67' lang='lat' dir='ltr'>litmfit</span> <span class='ocrx_word' id='word_1_96' title='bbox 1337 1487 1489 1523; x_wconf 81' lang='lat' dir='ltr'>Marius</span> <span class='ocrx_word' id='word_1_97' title='bbox 1508 1495 1608 1539; x_wconf 76' lang='lat' dir='ltr'><em>caput</em></span> <span class='ocrx_word' id='word_1_98' title='bbox 1625 1489 1752 1526; x_wconf 78' lang='lat' dir='ltr'>abdidit</span> <span class='ocrx_word' id='word_1_99' title='bbox 1776 1490 1875 1534; x_wconf 78' lang='lat' dir='ltr'><em>ulva,</em></span> 
     </span>
     <span class='ocr_line' id='line_1_14' title="bbox 236 1549 1875 1607; baseline 0.001 -17"><span class='ocrx_word' id='word_1_100' title='bbox 236 1552 288 1598; x_wconf 89' lang='lat'>11,</span> <span class='ocrx_word' id='word_1_101' title='bbox 320 1561 385 1600; x_wconf 93' lang='lat'>70.</span> <span class='ocrx_word' id='word_1_102' title='bbox 497 1550 586 1601; x_wconf 87' lang='lat'><strong>136.</strong></span> <span class='ocrx_word' id='word_1_103' title='bbox 616 1553 732 1588; x_wconf 84' lang='lat' dir='ltr'>dilicui</span> <span class='ocrx_word' id='word_1_104' title='bbox 759 1553 921 1602; x_wconf 86' lang='lat' dir='ltr'>Menag.</span> <span class='ocrx_word' id='word_1_105' title='bbox 952 1549 1023 1588; x_wconf 84' lang='lat' dir='ltr'>alt.</span> <span class='ocrx_word' id='word_1_106' title='bbox 1076 1552 1173 1587; x_wconf 79' lang='lat' dir='ltr'>daret</span> <span class='ocrx_word' id='word_1_107' title='bbox 1205 1549 1351 1602; x_wconf 86' lang='lat' dir='ltr'>fragm.</span> <span class='ocrx_word' id='word_1_108' title='bbox 1377 1552 1531 1590; x_wconf 90' lang='lat' dir='ltr'>Moret.</span> <span class='ocrx_word' id='word_1_109' title='bbox 1573 1554 1615 1605; x_wconf 82' lang='lat' dir='ltr'><em>st</em></span> <span class='ocrx_word' id='word_1_110' title='bbox 1626 1555 1728 1605; x_wconf 76' lang='lat' dir='ltr'>forte</span> <span class='ocrx_word' id='word_1_111' title='bbox 1753 1554 1875 1607; x_wconf 69' lang='lat' dir='ltr'><em>tzalfft</em></span> 
     </span>
     <span class='ocr_line' id='line_1_15' title="bbox 233 1612 1878 1671; baseline -0.001 -15"><span class='ocrx_word' id='word_1_112' title='bbox 233 1613 339 1657; x_wconf 77' lang='lat' dir='ltr'>alter</span> <span class='ocrx_word' id='word_1_113' title='bbox 356 1613 525 1662; x_wconf 70' lang='lat' dir='ltr'>Hamb„</span> <span class='ocrx_word' id='word_1_114' title='bbox 549 1615 665 1654; x_wconf 85' lang='lat' dir='ltr'>solita</span> <span class='ocrx_word' id='word_1_115' title='bbox 696 1614 915 1654; x_wconf 82' lang='lat' dir='ltr'>variatione</span> <span class='ocrx_word' id='word_1_116' title='bbox 947 1613 990 1652; x_wconf 91' lang='lat' dir='ltr'>in</span> <span class='ocrx_word' id='word_1_117' title='bbox 1022 1612 1097 1652; x_wconf 88' lang='lat' dir='ltr'>hoc</span> <span class='ocrx_word' id='word_1_118' title='bbox 1122 1614 1269 1662; x_wconf 80' lang='lat' dir='ltr'>verbo3</span> <span class='ocrx_word' id='word_1_119' title='bbox 1297 1614 1369 1653; x_wconf 71' lang='lat' dir='ltr'>nisi</span> <span class='ocrx_word' id='word_1_120' title='bbox 1393 1624 1533 1667; x_wconf 87' lang='lat' dir='ltr'>putes:</span> <span class='ocrx_word' id='word_1_121' title='bbox 1551 1617 1691 1668; x_wconf 75' lang='lat' dir='ltr'><em>fifata</em></span> <span class='ocrx_word' id='word_1_122' title='bbox 1719 1618 1878 1671; x_wconf 65' lang='lat' dir='ltr'>tulg&#39;ffent.</span> 
     </span>
     <span class='ocr_line' id='line_1_16' title="bbox 237 1678 1877 1731; baseline 0 -11"><span class='ocrx_word' id='word_1_123' title='bbox 237 1679 404 1720; x_wconf 87' lang='lat' dir='ltr'>Sensum</span> <span class='ocrx_word' id='word_1_124' title='bbox 436 1679 695 1719; x_wconf 85' lang='lat' dir='ltr'>commodum</span> <span class='ocrx_word' id='word_1_125' title='bbox 720 1678 853 1717; x_wconf 83' lang='lat' dir='ltr'>versui</span> <span class='ocrx_word' id='word_1_126' title='bbox 883 1678 1029 1730; x_wconf 89' lang='lat' dir='ltr'>subjeci</span> <span class='ocrx_word' id='word_1_127' title='bbox 1063 1678 1392 1731; x_wconf 63' lang='lat' dir='ltr'>interpuunstione</span> <span class='ocrx_word' id='word_1_128' title='bbox 1427 1689 1609 1718; x_wconf 75' lang='lat' dir='ltr'>mutata:</span> <span class='ocrx_word' id='word_1_129' title='bbox 1641 1689 1686 1719; x_wconf 86' lang='lat' dir='ltr'>ut</span> <span class='ocrx_word' id='word_1_130' title='bbox 1712 1680 1774 1728; x_wconf 86' lang='lat' dir='ltr'>fit,</span> <span class='ocrx_word' id='word_1_131' title='bbox 1799 1685 1877 1719; x_wconf 83' lang='lat' dir='ltr'>dum</span> 
     </span>
     <span class='ocr_line' id='line_1_17' title="bbox 234 1742 1879 1798; baseline 0 -14"><span class='ocrx_word' id='word_1_132' title='bbox 234 1747 316 1784; x_wconf 84' lang='lat' dir='ltr'>vela</span> <span class='ocrx_word' id='word_1_133' title='bbox 332 1744 503 1797; x_wconf 65' lang='lat' dir='ltr'>dedgffint,</span> <span class='ocrx_word' id='word_1_134' title='bbox 510 1744 554 1798; x_wconf 82' lang='lat' dir='ltr'><em>st</em></span> <span class='ocrx_word' id='word_1_135' title='bbox 565 1745 668 1796; x_wconf 78' lang='lat' dir='ltr'>forte</span> <span class='ocrx_word' id='word_1_136' title='bbox 693 1746 827 1782; x_wconf 85' lang='lat' dir='ltr'>darent.</span> <span class='ocrx_word' id='word_1_137' title='bbox 884 1742 1021 1795; x_wconf 87' lang='lat' dir='ltr'>Vulgo</span> <span class='ocrx_word' id='word_1_138' title='bbox 1041 1742 1248 1795; x_wconf 87' lang='lat' dir='ltr'>legebatur</span> <span class='ocrx_word' id='word_1_139' title='bbox 1264 1743 1397 1795; x_wconf 84' lang='lat' dir='ltr'>jejune</span> <span class='ocrx_word' id='word_1_140' title='bbox 1424 1753 1463 1782; x_wconf 89' lang='lat' dir='ltr'>et</span> <span class='ocrx_word' id='word_1_141' title='bbox 1493 1744 1772 1794; x_wconf 81' lang='lat' dir='ltr'>incommode3</span> <span class='ocrx_word' id='word_1_142' title='bbox 1799 1748 1879 1784; x_wconf 84' lang='lat' dir='ltr'>dum</span> 
     </span>
     <span class='ocr_line' id='line_1_18' title="bbox 234 1804 1880 1861; baseline 0.001 -14"><span class='ocrx_word' id='word_1_143' title='bbox 234 1811 317 1848; x_wconf 82' lang='lat' dir='ltr'>vela</span> <span class='ocrx_word' id='word_1_144' title='bbox 336 1811 472 1855; x_wconf 80' lang='lat' dir='ltr'>darent,</span> <span class='ocrx_word' id='word_1_145' title='bbox 485 1809 634 1861; x_wconf 78' lang='lat' dir='ltr'>stfhrte</span> <span class='ocrx_word' id='word_1_146' title='bbox 651 1807 815 1861; x_wconf 64' lang='lat' dir='ltr'>dedgffi’nt.</span> <span class='ocrx_word' id='word_1_147' title='bbox 871 1806 1001 1846; x_wconf 86' lang='lat' dir='ltr'>Multa</span> <span class='ocrx_word' id='word_1_148' title='bbox 1022 1804 1261 1859; x_wconf 54' lang='lat' dir='ltr'>argutantur</span> <span class='ocrx_word' id='word_1_149' title='bbox 1293 1807 1452 1846; x_wconf 83' lang='lat' dir='ltr'>Servius</span> <span class='ocrx_word' id='word_1_150' title='bbox 1472 1817 1511 1846; x_wconf 82' lang='lat' dir='ltr'>et</span> <span class='ocrx_word' id='word_1_151' title='bbox 1530 1809 1736 1857; x_wconf 87' lang='lat' dir='ltr'>Donatus;</span> <span class='ocrx_word' id='word_1_152' title='bbox 1765 1809 1880 1857; x_wconf 90' lang='lat' dir='ltr'><strong>nihil,</strong></span> 
     </span>
     <span class='ocr_line' id='line_1_19' title="bbox 235 1868 1874 1926; baseline -0.001 -14"><span class='ocrx_word' id='word_1_153' title='bbox 235 1871 345 1926; x_wconf 86' lang='lat' dir='ltr'>quod</span> <span class='ocrx_word' id='word_1_154' title='bbox 372 1870 423 1910; x_wconf 82' lang='lat' dir='ltr'>ad</span> <span class='ocrx_word' id='word_1_155' title='bbox 452 1883 541 1910; x_wconf 88' lang='lat' dir='ltr'>rem</span> <span class='ocrx_word' id='word_1_156' title='bbox 571 1869 707 1910; x_wconf 82' lang='lat' dir='ltr'>faciat.</span> <span class='ocrx_word' id='word_1_157' title='bbox 764 1871 902 1922; x_wconf 87' lang='lat' dir='ltr'>Itaque</span> <span class='ocrx_word' id='word_1_158' title='bbox 922 1868 1121 1909; x_wconf 87' lang='lat' dir='ltr'>malebam</span> <span class='ocrx_word' id='word_1_159' title='bbox 1160 1870 1359 1922; x_wconf 79' lang='lat' dir='ltr'>suspicari,</span> <span class='ocrx_word' id='word_1_160' title='bbox 1388 1870 1545 1908; x_wconf 87' lang='lat' dir='ltr'>versum</span> <span class='ocrx_word' id='word_1_161' title='bbox 1565 1870 1874 1923; x_wconf 66' lang='lat' dir='ltr'>imperfetflum:</span> 
     </span>
     <span class='ocr_line' id='line_1_20' title="bbox 236 1932 1882 1987; baseline 0.001 -13"><span class='ocrx_word' id='word_1_162' title='bbox 236 1937 391 1982; x_wconf 83' lang='lat' dir='ltr'>Delitui,</span> <span class='ocrx_word' id='word_1_163' title='bbox 417 1936 496 1972; x_wconf 88' lang='lat' dir='ltr'>dum</span> <span class='ocrx_word' id='word_1_164' title='bbox 517 1935 598 1971; x_wconf 84' lang='lat' dir='ltr'>vela</span> <span class='ocrx_word' id='word_1_165' title='bbox 628 1936 762 1979; x_wconf 77' lang='lat' dir='ltr'>darent,</span> <span class='ocrx_word' id='word_1_166' title='bbox 791 1932 840 1971; x_wconf 92' lang='lat' dir='ltr'>ab</span> <span class='ocrx_word' id='word_1_167' title='bbox 874 1932 1004 1984; x_wconf 78' lang='lat' dir='ltr'>aliena</span> <span class='ocrx_word' id='word_1_168' title='bbox 1035 1946 1157 1972; x_wconf 85' lang='lat' dir='ltr'>manu</span> <span class='ocrx_word' id='word_1_169' title='bbox 1191 1934 1294 1973; x_wconf 82' lang='lat' dir='ltr'>male</span> <span class='ocrx_word' id='word_1_170' title='bbox 1326 1933 1400 1973; x_wconf 83' lang='lat' dir='ltr'>effe</span> <span class='ocrx_word' id='word_1_171' title='bbox 1432 1934 1671 1986; x_wconf 82' lang='lat' dir='ltr'>suppletum.</span> <span class='ocrx_word' id='word_1_172' title='bbox 1778 1937 1882 1987; x_wconf 65' lang='lat'>138.</span> 
     </span>
     <span class='ocr_line' id='line_1_21' title="bbox 232 1995 1875 2050; baseline 0.001 -10"><span class='ocrx_word' id='word_1_173' title='bbox 232 1999 296 2040; x_wconf 84' lang='lat' dir='ltr'>Ex</span> <span class='ocrx_word' id='word_1_174' title='bbox 315 1996 516 2037; x_wconf 74' lang='lat' dir='ltr'>Servianis</span> <span class='ocrx_word' id='word_1_175' title='bbox 544 2005 724 2049; x_wconf 88' lang='lat' dir='ltr'>apparet,</span> <span class='ocrx_word' id='word_1_176' title='bbox 750 1995 863 2035; x_wconf 84' lang='lat' dir='ltr'>fuiffe</span> <span class='ocrx_word' id='word_1_177' title='bbox 895 1996 1009 2044; x_wconf 91' lang='lat' dir='ltr'>olim,</span> <span class='ocrx_word' id='word_1_178' title='bbox 1039 1997 1107 2049; x_wconf 90' lang='lat' dir='ltr'>qui</span> <span class='ocrx_word' id='word_1_179' title='bbox 1141 2000 1284 2050; x_wconf 80' lang='lat' dir='ltr'>duplices</span> <span class='ocrx_word' id='word_1_180' title='bbox 1304 1997 1498 2050; x_wconf 86' lang='lat' dir='ltr'>legerent,</span> <span class='ocrx_word' id='word_1_181' title='bbox 1525 1998 1618 2049; x_wconf 89' lang='lat' dir='ltr'>quia</span> <span class='ocrx_word' id='word_1_182' title='bbox 1647 2002 1755 2037; x_wconf 73' lang='lat' dir='ltr'>dulces</span> <span class='ocrx_word' id='word_1_183' title='bbox 1785 1999 1875 2041; x_wconf 86' lang='lat' dir='ltr'>leve</span> 
     </span>
     <span class='ocr_line' id='line_1_22' title="bbox 234 2059 1874 2114; baseline 0 -12"><span class='ocrx_word' id='word_1_184' title='bbox 234 2060 332 2102; x_wconf 74' lang='lat' dir='ltr'>effet</span> <span class='ocrx_word' id='word_1_185' title='bbox 350 2070 391 2102; x_wconf 84' lang='lat' dir='ltr'>et</span> <span class='ocrx_word' id='word_1_186' title='bbox 410 2072 625 2100; x_wconf 88' lang='lat' dir='ltr'>commune</span> <span class='ocrx_word' id='word_1_187' title='bbox 644 2059 854 2112; x_wconf 85' lang='lat' dir='ltr'>epitheton</span> <span class='ocrx_word' id='word_1_188' title='bbox 874 2059 1082 2100; x_wconf 82' lang='lat' dir='ltr'>librorum.</span> <span class='ocrx_word' id='word_1_189' title='bbox 1140 2062 1290 2113; x_wconf 86' lang='lat' dir='ltr'>Inepte.</span> <span class='ocrx_word' id='word_1_190' title='bbox 1402 2071 1493 2112; x_wconf 83' lang='lat'>139.</span> <span class='ocrx_word' id='word_1_191' title='bbox 1508 2064 1595 2113; x_wconf 86' lang='lat' dir='ltr'>fors</span> <span class='ocrx_word' id='word_1_192' title='bbox 1620 2069 1652 2099; x_wconf 82' lang='lat' dir='ltr'>et</span> <span class='ocrx_word' id='word_1_193' title='bbox 1662 2071 1703 2114; x_wconf 84' lang='lat' dir='ltr'>p.</span> <span class='ocrx_word' id='word_1_194' title='bbox 1725 2063 1874 2105; x_wconf 85' lang='lat' dir='ltr'>Medic.</span> 
     </span>
    </p>
   </div>
   <div class='ocr_carea' id='block_1_5' title="bbox 1552 1379 1660 1389">
    <p class='ocr_par' dir='ltr' id='par_1_7' title="bbox 1552 1379 1660 1389">
     <span class='ocr_line' id='line_1_23' title="bbox 1552 1379 1660 1389; baseline 0 0"><span class='ocrx_word' id='word_1_195' title='bbox 1552 1379 1660 1389; x_wconf 95' lang='lat' dir='ltr'> </span> 
     </span>
    </p>
   </div>
   <div class='ocr_carea' id='block_1_6' title="bbox 387 1574 494 1582">
    <p class='ocr_par' dir='ltr' id='par_1_8' title="bbox 387 1574 494 1582">
     <span class='ocr_line' id='line_1_24' title="bbox 387 1574 494 1582; baseline 0 0"><span class='ocrx_word' id='word_1_196' title='bbox 387 1574 494 1582; x_wconf 95' lang='lat' dir='ltr'> </span> 
     </span>
    </p>
   </div>
   <div class='ocr_carea' id='block_1_7' title="bbox 1678 1958 1782 1966">
    <p class='ocr_par' dir='ltr' id='par_1_9' title="bbox 1678 1958 1782 1966">
     <span class='ocr_line' id='line_1_25' title="bbox 1678 1958 1782 1966; baseline 0 0"><span class='ocrx_word' id='word_1_197' title='bbox 1678 1958 1782 1966; x_wconf 95' lang='lat' dir='ltr'> </span> 
     </span>
    </p>
   </div>
   <div class='ocr_carea' id='block_1_8' title="bbox 1295 2085 1395 2092">
    <p class='ocr_par' dir='ltr' id='par_1_10' title="bbox 1295 2085 1395 2092">
     <span class='ocr_line' id='line_1_26' title="bbox 1295 2085 1395 2092; baseline 0 0"><span class='ocrx_word' id='word_1_198' title='bbox 1295 2085 1395 2092; x_wconf 95' lang='lat' dir='ltr'> </span> 
     </span>
    </p>
   </div>
   <div class='ocr_carea' id='block_1_9' title="bbox 224 2122 1879 2304">
    <p class='ocr_par' dir='ltr' id='par_1_11' title="bbox 224 2122 1879 2304">
     <span class='ocr_line' id='line_1_27' title="bbox 235 2122 1879 2175; baseline -0.002 -9"><span class='ocrx_word' id='word_1_199' title='bbox 235 2125 346 2166; x_wconf 85' lang='lat' dir='ltr'>Gud.</span> <span class='ocrx_word' id='word_1_200' title='bbox 371 2133 412 2165; x_wconf 88' lang='lat' dir='ltr'>et</span> <span class='ocrx_word' id='word_1_201' title='bbox 444 2123 640 2163; x_wconf 87' lang='lat' dir='ltr'>Rottend.</span> <span class='ocrx_word' id='word_1_202' title='bbox 669 2131 778 2171; x_wconf 62' lang='lat' dir='ltr'>tert„</span> <span class='ocrx_word' id='word_1_203' title='bbox 796 2122 938 2175; x_wconf 88' lang='lat' dir='ltr'>quibus</span> <span class='ocrx_word' id='word_1_204' title='bbox 957 2123 1058 2162; x_wconf 88' lang='lat' dir='ltr'>adde</span> <span class='ocrx_word' id='word_1_205' title='bbox 1078 2123 1272 2171; x_wconf 82' lang='lat' dir='ltr'>Servium,</span> <span class='ocrx_word' id='word_1_206' title='bbox 1303 2133 1347 2162; x_wconf 86' lang='lat' dir='ltr'>ut</span> <span class='ocrx_word' id='word_1_207' title='bbox 1367 2122 1412 2162; x_wconf 88' lang='lat' dir='ltr'>fit</span> <span class='ocrx_word' id='word_1_208' title='bbox 1431 2136 1441 2165; x_wconf 71' lang='lat' dir='ltr'><strong><em>z</em></strong></span> <span class='ocrx_word' id='word_1_209' title='bbox 1472 2140 1548 2174; x_wconf 82' lang='lat' dir='ltr'><em>quos</em></span> <span class='ocrx_word' id='word_1_210' title='bbox 1555 2126 1684 2174; x_wconf 70' lang='lat' dir='ltr'>forsan</span> <span class='ocrx_word' id='word_1_211' title='bbox 1704 2128 1804 2162; x_wconf 77' lang='lat' dir='ltr'>etiam</span> <span class='ocrx_word' id='word_1_212' title='bbox 1824 2128 1879 2163; x_wconf 78' lang='lat' dir='ltr'>illi</span> 
     </span>
     <span class='ocr_line' id='line_1_28' title="bbox 224 2186 1878 2244; baseline -0.001 -15"><span class='ocrx_word' id='word_1_213' title='bbox 224 2197 345 2244; x_wconf 76' lang='lat' dir='ltr'><em>poenas</em></span> <span class='ocrx_word' id='word_1_214' title='bbox 364 2190 539 2242; x_wconf 74' lang='lat' dir='ltr'>requcent.</span> <span class='ocrx_word' id='word_1_215' title='bbox 585 2190 720 2241; x_wconf 78' lang='lat' dir='ltr'>pqscere</span> <span class='ocrx_word' id='word_1_216' title='bbox 759 2200 852 2226; x_wconf 90' lang='lat' dir='ltr'>cum</span> <span class='ocrx_word' id='word_1_217' title='bbox 871 2186 1025 2227; x_wconf 87' lang='lat' dir='ltr'>duobus</span> <span class='ocrx_word' id='word_1_218' title='bbox 1043 2188 1270 2227; x_wconf 78' lang='lat' dir='ltr'>accusativis</span> <span class='ocrx_word' id='word_1_219' title='bbox 1297 2188 1464 2226; x_wconf 76' lang='lat' dir='ltr'>illustrat</span> <span class='ocrx_word' id='word_1_220' title='bbox 1492 2187 1643 2235; x_wconf 65' lang='lat' dir='ltr'>Heius„</span> <span class='ocrx_word' id='word_1_221' title='bbox 1670 2189 1735 2227; x_wconf 87' lang='lat' dir='ltr'>sed</span> <span class='ocrx_word' id='word_1_222' title='bbox 1770 2189 1878 2228; x_wconf 58' lang='lat' dir='ltr'>refie</span> 
     </span>
     <span class='ocr_line' id='line_1_29' title="bbox 235 2250 1876 2304; baseline -0.001 -11"><span class='ocrx_word' id='word_1_223' title='bbox 235 2262 376 2292; x_wconf 85' lang='lat' dir='ltr'>monet</span> <span class='ocrx_word' id='word_1_224' title='bbox 394 2252 662 2298; x_wconf 88' lang='lat' dir='ltr'>Burmannus,</span> <span class='ocrx_word' id='word_1_225' title='bbox 686 2250 735 2289; x_wconf 88' lang='lat' dir='ltr'>iis</span> <span class='ocrx_word' id='word_1_226' title='bbox 750 2250 885 2289; x_wconf 87' lang='lat' dir='ltr'>locum</span> <span class='ocrx_word' id='word_1_227' title='bbox 905 2250 995 2299; x_wconf 86' lang='lat' dir='ltr'>effe,</span> <span class='ocrx_word' id='word_1_228' title='bbox 1021 2250 1090 2290; x_wconf 92' lang='lat' dir='ltr'>ubi</span> <span class='ocrx_word' id='word_1_229' title='bbox 1110 2251 1261 2303; x_wconf 88' lang='lat' dir='ltr'>aliquid</span> <span class='ocrx_word' id='word_1_230' title='bbox 1281 2251 1490 2303; x_wconf 87' lang='lat' dir='ltr'>poscimus,</span> <span class='ocrx_word' id='word_1_231' title='bbox 1516 2251 1622 2301; x_wconf 87' lang='lat' dir='ltr'>quod</span> <span class='ocrx_word' id='word_1_232' title='bbox 1641 2251 1706 2290; x_wconf 88' lang='lat' dir='ltr'>ille</span> <span class='ocrx_word' id='word_1_233' title='bbox 1727 2252 1820 2304; x_wconf 88' lang='lat' dir='ltr'>ipse,</span> <span class='ocrx_word' id='word_1_234' title='bbox 1852 2266 1876 2291; x_wconf 83' lang='lat' dir='ltr'>a</span> 
     </span>
    </p>
   </div>
   <div class='ocr_carea' id='block_1_10' title="bbox 163 2313 1879 2369">
    <p class='ocr_par' dir='ltr' id='par_1_12' title="bbox 163 2313 1879 2369">
     <span class='ocr_line' id='line_1_30' title="bbox 163 2313 1879 2369; baseline 0.001 -16"><span class='ocrx_word' id='word_1_235' title='bbox 163 2351 165 2353; x_wconf 77' lang='grc'>,</span> <span class='ocrx_word' id='word_1_236' title='bbox 235 2329 317 2369; x_wconf 86' lang='lat' dir='ltr'>quo</span> <span class='ocrx_word' id='word_1_237' title='bbox 335 2314 529 2369; x_wconf 81' lang='lat' dir='ltr'>poscitur,</span> <span class='ocrx_word' id='word_1_238' title='bbox 555 2314 649 2353; x_wconf 85' lang='lat' dir='ltr'>dare</span> <span class='ocrx_word' id='word_1_239' title='bbox 669 2313 735 2353; x_wconf 85' lang='lat' dir='ltr'>vel</span> <span class='ocrx_word' id='word_1_240' title='bbox 766 2313 897 2353; x_wconf 87' lang='lat' dir='ltr'>facere</span> <span class='ocrx_word' id='word_1_241' title='bbox 929 2313 1072 2367; x_wconf 87' lang='lat' dir='ltr'>poflit;</span> <span class='ocrx_word' id='word_1_242' title='bbox 1100 2324 1141 2354; x_wconf 86' lang='lat' dir='ltr'>at</span> <span class='ocrx_word' id='word_1_243' title='bbox 1175 2314 1249 2354; x_wconf 87' lang='lat' dir='ltr'>filii</span> <span class='ocrx_word' id='word_1_244' title='bbox 1281 2314 1352 2367; x_wconf 83' lang='lat' dir='ltr'>ipfi</span> <span class='ocrx_word' id='word_1_245' title='bbox 1384 2314 1541 2352; x_wconf 86' lang='lat' dir='ltr'>Sinonis</span> <span class='ocrx_word' id='word_1_246' title='bbox 1573 2314 1659 2352; x_wconf 84' lang='lat' dir='ltr'>vice</span> <span class='ocrx_word' id='word_1_247' title='bbox 1690 2316 1879 2367; x_wconf 85' lang='lat' dir='ltr'>puniendi</span> 
     </span>
    </p>
   </div>
   <div class='ocr_carea' id='block_1_11' title="bbox 232 2377 1878 2564">
    <p class='ocr_par' dir='ltr' id='par_1_13' title="bbox 232 2377 1878 2564">
     <span class='ocr_line' id='line_1_31' title="bbox 232 2377 1877 2434; baseline -0.001 -15"><span class='ocrx_word' id='word_1_248' title='bbox 232 2378 510 2434; x_wconf 82' lang='lat' dir='ltr'>poscebantur.</span> <span class='ocrx_word' id='word_1_249' title='bbox 553 2379 643 2429; x_wconf 86' lang='lat' dir='ltr'>fors</span> <span class='ocrx_word' id='word_1_250' title='bbox 659 2386 692 2416; x_wconf 84' lang='lat' dir='ltr'>et</span> <span class='ocrx_word' id='word_1_251' title='bbox 711 2386 846 2417; x_wconf 88' lang='lat' dir='ltr'>ortum</span> <span class='ocrx_word' id='word_1_252' title='bbox 865 2390 914 2417; x_wconf 86' lang='lat' dir='ltr'>ex</span> <span class='ocrx_word' id='word_1_253' title='bbox 931 2377 1125 2430; x_wconf 88' lang='lat' dir='ltr'>scriptura</span> <span class='ocrx_word' id='word_1_254' title='bbox 1139 2378 1303 2430; x_wconf 83' lang='lat' dir='ltr'>antiqua</span> <span class='ocrx_word' id='word_1_255' title='bbox 1320 2386 1359 2416; x_wconf 78' lang='lat' dir='ltr'>at</span> <span class='ocrx_word' id='word_1_256' title='bbox 1378 2390 1452 2430; x_wconf 90' lang='lat' dir='ltr'>pro</span> <span class='ocrx_word' id='word_1_257' title='bbox 1472 2380 1526 2416; x_wconf 80' lang='lat' dir='ltr'>ad.</span> <span class='ocrx_word' id='word_1_258' title='bbox 1584 2378 1755 2430; x_wconf 83' lang='lat' dir='ltr'>Juuxere</span> <span class='ocrx_word' id='word_1_259' title='bbox 1771 2379 1877 2430; x_wconf 77' lang='lat' dir='ltr'>apud</span> 
     </span>
     <span class='ocr_line' id='line_1_32' title="bbox 234 2439 1878 2495; baseline -0.001 -13"><span class='ocrx_word' id='word_1_260' title='bbox 234 2442 421 2484; x_wconf 78' lang='lat' dir='ltr'>Servium</span> <span class='ocrx_word' id='word_1_261' title='bbox 455 2440 524 2481; x_wconf 84' lang='lat' dir='ltr'>alii</span> <span class='ocrx_word' id='word_1_262' title='bbox 539 2442 661 2495; x_wconf 78' lang='lat' dir='ltr'>forst-t</span> <span class='ocrx_word' id='word_1_263' title='bbox 690 2453 765 2494; x_wconf 85' lang='lat' dir='ltr'>pro</span> <span class='ocrx_word' id='word_1_264' title='bbox 777 2441 902 2493; x_wconf 74' lang='lat' dir='ltr'>f⁰⁷st²⁴2</span> <span class='ocrx_word' id='word_1_265' title='bbox 931 2439 1014 2483; x_wconf 81' lang='lat' dir='ltr'>fors</span> <span class='ocrx_word' id='word_1_266' title='bbox 1039 2439 1102 2488; x_wconf 90' lang='lat' dir='ltr'>fit,</span> <span class='ocrx_word' id='word_1_267' title='bbox 1132 2439 1307 2483; x_wconf 83' lang='lat' dir='ltr'>fortaffe.</span> <span class='ocrx_word' id='word_1_268' title='bbox 1357 2439 1575 2491; x_wconf 83' lang='lat' dir='ltr'>Vulgatam</span> <span class='ocrx_word' id='word_1_269' title='bbox 1607 2439 1726 2483; x_wconf 77' lang='lat' dir='ltr'>habet</span> <span class='ocrx_word' id='word_1_270' title='bbox 1758 2442 1878 2480; x_wconf 86' lang='lat' dir='ltr'>Pom-</span> 
     </span>
     <span class='ocr_line' id='line_1_33' title="bbox 233 2501 1620 2564; baseline -0.005 -16"><span class='ocrx_word' id='word_1_271' title='bbox 233 2506 393 2564; x_wconf 77' lang='lat' dir='ltr'>ponius.</span> <span class='ocrx_word' id='word_1_272' title='bbox 451 2507 553 2563; x_wconf 68' lang='lat' dir='ltr'>Qos</span> <span class='ocrx_word' id='word_1_273' title='bbox 571 2506 628 2544; x_wconf 78' lang='lat' dir='ltr'>illi</span> <span class='ocrx_word' id='word_1_274' title='bbox 645 2507 694 2543; x_wconf 88' lang='lat' dir='ltr'>ad</span> <span class='ocrx_word' id='word_1_275' title='bbox 702 2513 744 2558; x_wconf 82' lang='lat' dir='ltr'>p.</span> <span class='ocrx_word' id='word_1_276' title='bbox 749 2506 881 2557; x_wconf 82' lang='lat' dir='ltr'>forfim</span> <span class='ocrx_word' id='word_1_277' title='bbox 903 2504 966 2544; x_wconf 89' lang='lat' dir='ltr'>ed.</span> <span class='ocrx_word' id='word_1_278' title='bbox 982 2505 1084 2543; x_wconf 90' lang='lat' dir='ltr'>Ven.</span> <span class='ocrx_word' id='word_1_279' title='bbox 1203 2514 1295 2551; x_wconf 90' lang='lat'>140.</span> <span class='ocrx_word' id='word_1_280' title='bbox 1324 2505 1462 2556; x_wconf 58' lang='lat' dir='ltr'>refizgia</span> <span class='ocrx_word' id='word_1_281' title='bbox 1484 2501 1620 2555; x_wconf 84' lang='lat' dir='ltr'>Bigot.</span> 
     </span>
    </p>
   </div>
   <div class='ocr_carea' id='block_1_12' title="bbox 1094 2525 1199 2536">
    <p class='ocr_par' dir='ltr' id='par_1_14' title="bbox 1094 2525 1199 2536">
     <span class='ocr_line' id='line_1_34' title="bbox 1094 2525 1199 2536; baseline 0 1494"><span class='ocrx_word' id='word_1_282' title='bbox 1094 2525 1199 2536; x_wconf 95' lang='lat' dir='ltr'> </span> 
     </span>
    </p>
   </div>
   <div class='ocr_carea' id='block_1_13' title="bbox 233 2649 1876 2717">
    <p class='ocr_par' dir='ltr' id='par_1_15' title="bbox 233 2649 1876 2717">
     <span class='ocr_line' id='line_1_35' title="bbox 233 2649 1876 2717; baseline -0.009 -16"><span class='ocrx_word' id='word_1_283' title='bbox 233 2651 397 2717; x_wconf 83' lang='lat' dir='ltr'>spersO.</span> <span class='ocrx_word' id='word_1_284' title='bbox 486 2649 667 2699; x_wconf 72' lang='grc' dir='ltr'><strong><em>Σπονδάς</em></strong></span> <span class='ocrx_word' id='word_1_285' title='bbox 717 2650 760 2696; x_wconf 83' lang='grc' dir='ltr'>τ’</span> <span class='ocrx_word' id='word_1_286' title='bbox 796 2650 1017 2712; x_wconf 75' lang='grc' dir='ltr'><strong>ἐλοχῦτας</strong></span> <span class='ocrx_word' id='word_1_287' title='bbox 1097 2649 1212 2711; x_wconf 84' lang='lat'>408.</span> <span class='ocrx_word' id='word_1_288' title='bbox 1256 2661 1367 2708; x_wconf 83' lang='lat'><strong>409.</strong></span> <span class='ocrx_word' id='word_1_289' title='bbox 1423 2652 1612 2707; x_wconf 82' lang='lat' dir='ltr'>patriam</span> <span class='ocrx_word' id='word_1_290' title='bbox 1645 2649 1876 2706; x_wconf 79' lang='lat' dir='ltr'>antiquam,</span> 
     </span>
    </p>
   </div>
   <div class='ocr_carea' id='block_1_14' title="bbox 187 2716 1019 3422">
    <p class='ocr_par' dir='ltr' id='par_1_16' title="bbox 187 2716 1018 2848">
     <span class='ocr_line' id='line_1_36' title="bbox 187 2716 1018 2775; baseline -0.005 -10"><span class='ocrx_word' id='word_1_291' title='bbox 187 2747 191 2751; x_wconf 95' lang='lat'><em>-</em></span> <span class='ocrx_word' id='word_1_292' title='bbox 233 2737 283 2765; x_wconf 77' lang='grc' dir='ltr'>τε</span> <span class='ocrx_word' id='word_1_293' title='bbox 345 2718 457 2775; x_wconf 74' lang='grc' dir='ltr'>μάλ’</span> <span class='ocrx_word' id='word_1_294' title='bbox 516 2719 741 2774; x_wconf 82' lang='grc' dir='ltr'><em>ἐσσυμένως</em></span> <span class='ocrx_word' id='word_1_295' title='bbox 797 2716 1018 2772; x_wconf 75' lang='grc' dir='ltr'>ὑπαλύξας</span> 
     </span>
     <span class='ocr_line' id='line_1_37' title="bbox 232 2779 846 2848; baseline 0 -19"><span class='ocrx_word' id='word_1_296' title='bbox 232 2780 434 2848; x_wconf 82' lang='lat' dir='ltr'>Qintus</span> <span class='ocrx_word' id='word_1_297' title='bbox 455 2779 559 2829; x_wconf 85' lang='lat' dir='ltr'>Cal.</span> <span class='ocrx_word' id='word_1_298' title='bbox 582 2780 701 2835; x_wconf 91' lang='lat' dir='ltr'><strong>XII,</strong></span> <span class='ocrx_word' id='word_1_299' title='bbox 737 2796 794 2843; x_wconf 88' lang='lat'>37</span> <span class='ocrx_word' id='word_1_300' title='bbox 802 2795 846 2844; x_wconf 63' lang='grc'>5,</span> 
     </span>
    </p>

    <p class='ocr_par' dir='ltr' id='par_1_17' title="bbox 193 2842 1019 3214">
     <span class='ocr_line' id='line_1_38' title="bbox 306 2842 1017 2909; baseline -0.007 -15"><span class='ocrx_word' id='word_1_301' title='bbox 306 2862 398 2909; x_wconf 81' lang='lat'>134</span> <span class='ocrx_word' id='word_1_302' title='bbox 440 2844 506 2908; x_wconf 87' lang='lat' dir='ltr'>sq.</span> <span class='ocrx_word' id='word_1_303' title='bbox 554 2843 734 2893; x_wconf 85' lang='lat' dir='ltr'>Vincula</span> <span class='ocrx_word' id='word_1_304' title='bbox 777 2859 868 2890; x_wconf 88' lang='lat' dir='ltr'>non</span> <span class='ocrx_word' id='word_1_305' title='bbox 913 2842 1017 2890; x_wconf 85' lang='lat' dir='ltr'>sunt</span> 
     </span>
     <span class='ocr_line' id='line_1_39' title="bbox 193 2906 1017 2973; baseline -0.007 -15"><span class='ocrx_word' id='word_1_306' title='bbox 193 2930 204 2934; x_wconf 83' lang='grc'><em>·</em></span> <span class='ocrx_word' id='word_1_307' title='bbox 231 2910 380 2966; x_wconf 56' lang='lat' dir='ltr'>vittae5</span> <span class='ocrx_word' id='word_1_308' title='bbox 410 2909 505 2964; x_wconf 88' lang='lat' dir='ltr'>sed,</span> <span class='ocrx_word' id='word_1_309' title='bbox 538 2909 701 2973; x_wconf 90' lang='lat' dir='ltr'>quibus</span> <span class='ocrx_word' id='word_1_310' title='bbox 732 2907 898 2971; x_wconf 85' lang='lat' dir='ltr'>ligatus</span> <span class='ocrx_word' id='word_1_311' title='bbox 930 2906 1017 2954; x_wconf 87' lang='lat' dir='ltr'>ser-</span> 
     </span>
     <span class='ocr_line' id='line_1_40' title="bbox 233 2970 1015 3037; baseline -0.006 -16"><span class='ocrx_word' id='word_1_312' title='bbox 233 2974 443 3037; x_wconf 72' lang='lat' dir='ltr'>vabatur,</span> <span class='ocrx_word' id='word_1_313' title='bbox 471 2986 518 3020; x_wconf 90' lang='lat' dir='ltr'>et</span> <span class='ocrx_word' id='word_1_314' title='bbox 537 2974 595 3020; x_wconf 87' lang='lat' dir='ltr'>ad</span> <span class='ocrx_word' id='word_1_315' title='bbox 616 2990 739 3020; x_wconf 86' lang='lat' dir='ltr'>aram</span> <span class='ocrx_word' id='word_1_316' title='bbox 760 2970 1015 3020; x_wconf 80' lang='lat' dir='ltr'>adduceba-</span> 
     </span>
     <span class='ocr_line' id='line_1_41' title="bbox 234 3035 1018 3100; baseline -0.009 -12"><span class='ocrx_word' id='word_1_317' title='bbox 234 3051 328 3094; x_wconf 84' lang='lat' dir='ltr'>tur,</span> <span class='ocrx_word' id='word_1_318' title='bbox 359 3039 436 3085; x_wconf 87' lang='lat' dir='ltr'>etfi</span> <span class='ocrx_word' id='word_1_319' title='bbox 453 3039 550 3100; x_wconf 86' lang='lat' dir='ltr'>jam</span> <span class='ocrx_word' id='word_1_320' title='bbox 581 3037 785 3086; x_wconf 80' lang='lat' dir='ltr'>vittatus.</span> <span class='ocrx_word' id='word_1_321' title='bbox 818 3054 864 3083; x_wconf 86' lang='lat' dir='ltr'>v.</span> <span class='ocrx_word' id='word_1_322' title='bbox 899 3035 1018 3083; x_wconf 88' lang='lat' dir='ltr'>infra</span> 
     </span>
     <span class='ocr_line' id='line_1_42' title="bbox 233 3099 1019 3214; baseline -0.005 -64"><span class='ocrx_word' id='word_1_323' title='bbox 233 3101 348 3214; x_wconf 45' lang='lat'><em>1113?</em></span> <span class='ocrx_word' id='word_1_324' title='bbox 395 3101 539 3212; x_wconf 49' lang='lat' dir='ltr'>hfflfe</span> <span class='ocrx_word' id='word_1_325' title='bbox 573 3116 838 3213; x_wconf 46' lang='lat' dir='ltr'>argamlvego</span> <span class='ocrx_word' id='word_1_326' title='bbox 873 3099 1019 3213; x_wconf 49' lang='lat' dir='ltr'>{oxma</span> 
     </span>
    </p>

    <p class='ocr_par' dir='ltr' id='par_1_18' title="bbox 232 3176 1016 3295">
     <span class='ocr_line' id='line_1_43' title="bbox 329 3176 1016 3215; baseline -0.004 -2"><span class='ocrx_word' id='word_1_327' title='bbox 329 3179 375 3214; x_wconf 85' lang='lat' dir='ltr'>at</span> <span class='ocrx_word' id='word_1_328' title='bbox 490 3180 551 3215; x_wconf 79' lang='lat' dir='ltr'>la.</span> <span class='ocrx_word' id='word_1_329' title='bbox 676 3183 704 3212; x_wconf 92' lang='lat' dir='ltr'>u</span> <span class='ocrx_word' id='word_1_330' title='bbox 726 3176 771 3211; x_wconf 90' lang='lat' dir='ltr'>ta</span> <span class='ocrx_word' id='word_1_331' title='bbox 824 3199 838 3212; x_wconf 87' lang='lat'><em>.</em></span> <span class='ocrx_word' id='word_1_332' title='bbox 943 3179 1016 3210; x_wconf 88' lang='lat' dir='ltr'>ar-</span> 
     </span>
     <span class='ocr_line' id='line_1_44' title="bbox 232 3228 846 3295; baseline -0.005 -17"><span class='ocrx_word' id='word_1_333' title='bbox 232 3240 452 3295; x_wconf 84' lang='lat' dir='ltr'>gutantur</span> <span class='ocrx_word' id='word_1_334' title='bbox 471 3230 596 3286; x_wconf 65' lang='lat' dir='ltr'>Serv.</span> <span class='ocrx_word' id='word_1_335' title='bbox 615 3228 846 3284; x_wconf 12' lang='lat' dir='ltr'>etherda.</span> 
     </span>
    </p>

    <p class='ocr_par' dir='ltr' id='par_1_19' title="bbox 234 3291 1019 3422">
     <span class='ocr_line' id='line_1_45' title="bbox 305 3291 1014 3359; baseline -0.007 -16"><span class='ocrx_word' id='word_1_336' title='bbox 305 3311 412 3359; x_wconf 87' lang='lat'><strong>137·</strong></span> <span class='ocrx_word' id='word_1_337' title='bbox 450 3291 693 3358; x_wconf 75' lang='lat' dir='ltr'>Sequentia</span> <span class='ocrx_word' id='word_1_338' title='bbox 732 3291 916 3358; x_wconf 85' lang='lat' dir='ltr'>egregie</span> <span class='ocrx_word' id='word_1_339' title='bbox 955 3291 1014 3338; x_wconf 86' lang='lat' dir='ltr'>ad</span> 
     </span>
     <span class='ocr_line' id='line_1_46' title="bbox 234 3356 1019 3422; baseline -0.008 -14"><span class='ocrx_word' id='word_1_340' title='bbox 234 3357 565 3408; x_wconf 79' lang='lat' dir='ltr'>miserationem</span> <span class='ocrx_word' id='word_1_341' title='bbox 596 3358 714 3406; x_wconf 66' lang='lat' dir='ltr'>fiaa.</span> <span class='ocrx_word' id='word_1_342' title='bbox 781 3356 836 3403; x_wconf 91' lang='lat' dir='ltr'>In</span> <span class='ocrx_word' id='word_1_343' title='bbox 857 3356 1019 3422; x_wconf 90' lang='lat' dir='ltr'>quibus</span> 
     </span>
    </p>
   </div>
   <div class='ocr_carea' id='block_1_15' title="bbox 234 3412 1034 3497">
    <p class='ocr_par' dir='ltr' id='par_1_20' title="bbox 234 3412 1034 3497">
     <span class='ocr_line' id='line_1_47' title="bbox 234 3412 1034 3497; baseline -0.008 -20"><span class='ocrx_word' id='word_1_344' title='bbox 234 3421 467 3497; x_wconf 71' lang='lat' dir='ltr'>respexifl&#39;e</span> <span class='ocrx_word' id='word_1_345' title='bbox 485 3421 631 3491; x_wconf 68' lang='lat' dir='ltr'>videti</span> <span class='ocrx_word' id='word_1_346' title='bbox 647 3421 790 3488; x_wconf 78' lang='lat' dir='ltr'>potest</span> <span class='ocrx_word' id='word_1_347' title='bbox 811 3420 947 3491; x_wconf 76' lang='lat' dir='ltr'>Iliad.</span> <span class='ocrx_word' id='word_1_348' title='bbox 981 3412 1034 3477; x_wconf 81' lang='grc' dir='ltr'>ε,Ι</span> 
     </span>
    </p>
   </div>
   <div class='ocr_carea' id='block_1_16' title="bbox 1091 2705 1879 3535">
    <p class='ocr_par' dir='ltr' id='par_1_21' title="bbox 1091 2705 1879 3219">
     <span class='ocr_line' id='line_1_48' title="bbox 1096 2705 1878 2776; baseline -0.008 -19"><span class='ocrx_word' id='word_1_349' title='bbox 1096 2711 1341 2776; x_wconf 87' lang='lat' dir='ltr'>pristinam.</span> <span class='ocrx_word' id='word_1_350' title='bbox 1360 2709 1476 2756; x_wconf 90' lang='lat' dir='ltr'>nihil</span> <span class='ocrx_word' id='word_1_351' title='bbox 1499 2709 1704 2770; x_wconf 83' lang='lat' dir='ltr'>amplius.</span> <span class='ocrx_word' id='word_1_352' title='bbox 1759 2705 1878 2751; x_wconf 87' lang='lat' dir='ltr'>Om-</span> 
     </span>
     <span class='ocr_line' id='line_1_49' title="bbox 1098 2769 1875 2828; baseline -0.012 -6"><span class='ocrx_word' id='word_1_353' title='bbox 1098 2776 1231 2822; x_wconf 89' lang='lat' dir='ltr'>nibus</span> <span class='ocrx_word' id='word_1_354' title='bbox 1253 2773 1447 2828; x_wconf 88' lang='lat' dir='ltr'>colonis,</span> <span class='ocrx_word' id='word_1_355' title='bbox 1468 2772 1711 2825; x_wconf 83' lang='lat' dir='ltr'>exsulibus,</span> <span class='ocrx_word' id='word_1_356' title='bbox 1733 2769 1875 2815; x_wconf 87' lang='lat' dir='ltr'>trans-</span> 
     </span>
     <span class='ocr_line' id='line_1_50' title="bbox 1098 2836 1879 2903; baseline -0.01 -17"><span class='ocrx_word' id='word_1_357' title='bbox 1098 2839 1221 2903; x_wconf 87' lang='lat' dir='ltr'>fugis</span> <span class='ocrx_word' id='word_1_358' title='bbox 1263 2838 1388 2902; x_wconf 89' lang='lat' dir='ltr'>prior</span> <span class='ocrx_word' id='word_1_359' title='bbox 1424 2837 1570 2899; x_wconf 82' lang='lat' dir='ltr'>patria</span> <span class='ocrx_word' id='word_1_360' title='bbox 1603 2836 1662 2882; x_wconf 89' lang='lat' dir='ltr'>est</span> <span class='ocrx_word' id='word_1_361' title='bbox 1702 2840 1879 2896; x_wconf 69' lang='lat' dir='ltr'>antiqua</span> 
     </span>
     <span class='ocr_line' id='line_1_51' title="bbox 1091 2898 1879 2967; baseline -0.011 -16"><span class='ocrx_word' id='word_1_362' title='bbox 1091 2911 1258 2967; x_wconf 80' lang='lat' dir='ltr'>patria.</span> <span class='ocrx_word' id='word_1_363' title='bbox 1295 2901 1360 2949; x_wconf 87' lang='lat' dir='ltr'>cf.</span> <span class='ocrx_word' id='word_1_364' title='bbox 1407 2901 1572 2949; x_wconf 86' lang='lat' dir='ltr'>Cerda.</span> <span class='ocrx_word' id='word_1_365' title='bbox 1641 2898 1711 2944; x_wconf 83' lang='lat' dir='ltr'>Ob</span> <span class='ocrx_word' id='word_1_366' title='bbox 1744 2900 1879 2958; x_wconf 77' lang='lat' dir='ltr'>nqstra</span> 
     </span>
     <span class='ocr_line' id='line_1_52' title="bbox 1096 2961 1875 3031; baseline -0.012 -17"><span class='ocrx_word' id='word_1_367' title='bbox 1096 2971 1271 3031; x_wconf 71' lang='lat' dir='ltr'>effugia,</span> <span class='ocrx_word' id='word_1_368' title='bbox 1332 2965 1507 3030; x_wconf 89' lang='lat' dir='ltr'>plenius</span> <span class='ocrx_word' id='word_1_369' title='bbox 1552 2978 1684 3026; x_wconf 78' lang='lat' dir='ltr'>quam</span> <span class='ocrx_word' id='word_1_370' title='bbox 1728 2961 1875 3006; x_wconf 83' lang='lat' dir='ltr'>exile:</span> 
     </span>
     <span class='ocr_line' id='line_1_53' title="bbox 1095 3024 1877 3094; baseline -0.009 -16"><span class='ocrx_word' id='word_1_371' title='bbox 1095 3032 1157 3078; x_wconf 94' lang='lat' dir='ltr'>ob</span> <span class='ocrx_word' id='word_1_372' title='bbox 1179 3031 1332 3094; x_wconf 87' lang='lat' dir='ltr'>fugam</span> <span class='ocrx_word' id='word_1_373' title='bbox 1349 3026 1753 3089; x_wconf 79' lang='lat' dir='ltr'>meam—piabunt,</span> <span class='ocrx_word' id='word_1_374' title='bbox 1770 3024 1816 3070; x_wconf 92' lang='lat' dir='ltr'>h.</span> <span class='ocrx_word' id='word_1_375' title='bbox 1833 3041 1877 3071; x_wconf 89' lang='lat' dir='ltr'>e.</span> 
     </span>
     <span class='ocr_line' id='line_1_54' title="bbox 1095 3087 1875 3158; baseline -0.01 -16"><span class='ocrx_word' id='word_1_376' title='bbox 1095 3095 1358 3158; x_wconf 83' lang='lat' dir='ltr'>expiabunt,</span> <span class='ocrx_word' id='word_1_377' title='bbox 1391 3109 1474 3157; x_wconf 90' lang='lat' dir='ltr'>pro</span> <span class='ocrx_word' id='word_1_378' title='bbox 1496 3090 1704 3154; x_wconf 85' lang='lat' dir='ltr'>punient,</span> <span class='ocrx_word' id='word_1_379' title='bbox 1741 3087 1875 3136; x_wconf 88' lang='lat' dir='ltr'>ulcis-</span> 
     </span>
     <span class='ocr_line' id='line_1_55' title="bbox 1096 3156 1535 3219; baseline -0.011 -12"><span class='ocrx_word' id='word_1_380' title='bbox 1096 3171 1269 3214; x_wconf 87' lang='lat' dir='ltr'>centur,</span> <span class='ocrx_word' id='word_1_381' title='bbox 1301 3156 1535 3219; x_wconf 86' lang='lat' dir='ltr'>exquifite.</span> 
     </span>
    </p>

    <p class='ocr_par' dir='ltr' id='par_1_22' title="bbox 1095 3217 1876 3481">
     <span class='ocr_line' id='line_1_56' title="bbox 1165 3217 1876 3283; baseline -0.013 -12"><span class='ocrx_word' id='word_1_382' title='bbox 1165 3239 1270 3283; x_wconf 90' lang='lat'>141.</span> <span class='ocrx_word' id='word_1_383' title='bbox 1315 3222 1452 3283; x_wconf 71' lang='lat' dir='ltr'>Qod,</span> <span class='ocrx_word' id='word_1_384' title='bbox 1487 3232 1576 3282; x_wconf 89' lang='lat' dir='ltr'>qua</span> <span class='ocrx_word' id='word_1_385' title='bbox 1621 3217 1780 3270; x_wconf 77' lang='lat' dir='ltr'>in-re,</span> <span class='ocrx_word' id='word_1_386' title='bbox 1825 3227 1876 3263; x_wconf 84' lang='lat' dir='ltr'>ut</span> 
     </span>
     <span class='ocr_line' id='line_1_57' title="bbox 1095 3281 1876 3351; baseline -0.01 -16"><span class='ocrx_word' id='word_1_387' title='bbox 1095 3286 1208 3351; x_wconf 86' lang='lat' dir='ltr'>saepe</span> <span class='ocrx_word' id='word_1_388' title='bbox 1262 3284 1463 3331; x_wconf 79' lang='lat' dir='ltr'>traniitui</span> <span class='ocrx_word' id='word_1_389' title='bbox 1516 3281 1665 3329; x_wconf 87' lang='lat' dir='ltr'>servit.</span> <span class='ocrx_word' id='word_1_390' title='bbox 1750 3281 1876 3327; x_wconf 83' lang='lat' dir='ltr'>Serv.</span> 
     </span>
     <span class='ocr_line' id='line_1_58' title="bbox 1095 3343 1875 3415; baseline -0.01 -17"><span class='ocrx_word' id='word_1_391' title='bbox 1095 3362 1275 3415; x_wconf 88' lang='lat' dir='ltr'>propter</span> <span class='ocrx_word' id='word_1_392' title='bbox 1294 3350 1416 3412; x_wconf 91' lang='lat' dir='ltr'>quod</span> <span class='ocrx_word' id='word_1_393' title='bbox 1435 3360 1479 3395; x_wconf 89' lang='lat' dir='ltr'>te</span> <span class='ocrx_word' id='word_1_394' title='bbox 1495 3362 1597 3394; x_wconf 74' lang='lat' dir='ltr'>oro,</span> <span class='ocrx_word' id='word_1_395' title='bbox 1630 3345 1694 3392; x_wconf 88' lang='lat' dir='ltr'>cf.</span> <span class='ocrx_word' id='word_1_396' title='bbox 1721 3343 1875 3392; x_wconf 88' lang='lat' dir='ltr'>Burm.</span> 
     </span>
     <span class='ocr_line' id='line_1_59' title="bbox 1099 3408 1876 3481; baseline -0.01 -16"><span class='ocrx_word' id='word_1_397' title='bbox 1099 3415 1173 3464; x_wconf 80' lang='lat' dir='ltr'>Est</span> <span class='ocrx_word' id='word_1_398' title='bbox 1194 3430 1250 3465; x_wconf 70' lang='lat' dir='ltr'>ex</span> <span class='ocrx_word' id='word_1_399' title='bbox 1272 3413 1404 3464; x_wconf 64' lang='lat' dir='ltr'>Gr03</span> <span class='ocrx_word' id='word_1_400' title='bbox 1432 3428 1516 3481; x_wconf 66' lang='lat' dir='ltr'>pso</span> <span class='ocrx_word' id='word_1_401' title='bbox 1544 3408 1649 3461; x_wconf 51' lang='lat' dir='ltr'>ms,</span> <span class='ocrx_word' id='word_1_402' title='bbox 1682 3412 1721 3465; x_wconf 59' lang='grc' dir='ltr'>ὃ,</span> <span class='ocrx_word' id='word_1_403' title='bbox 1753 3409 1807 3460; x_wconf 56' lang='grc' dir='ltr'>δί’</span> <span class='ocrx_word' id='word_1_404' title='bbox 1840 3411 1876 3457; x_wconf 65' lang='grc' dir='ltr'>ὅσ</span> 
     </span>
    </p>

    <p class='ocr_par' dir='ltr' id='par_1_23' title="bbox 1667 3475 1877 3535">
     <span class='ocr_line' id='line_1_60' title="bbox 1667 3475 1877 3535; baseline -0.019 -14"><span class='ocrx_word' id='word_1_405' title='bbox 1667 3475 1674 3479; x_wconf 70' lang='grc'><strong>’</strong></span> <span class='ocrx_word' id='word_1_406' title='bbox 1724 3475 1877 3535; x_wconf 66' lang='lat' dir='ltr'>conscia</span> 
     </span>
    </p>
   </div>
  </div>
 </body>
</html>
