2372 4030
586 330 1348 413 AENEIDOQLIB·
1410 344 1461 406 1.
1767 368 1838 430 73

220 495 478 576 Stipant,
506 508 566 563 et
593 495 756 556 dulci
785 496 1124 575 distendunt
1146 501 1376 571 nectare
1401 503 1604 567 cellas:

217 612 347 671 Aut
371 628 549 669 onera
574 608 887 688 adcipiunt
911 612 1272 688 venientum,
1300 631 1399 675 aut
1426 618 1662 697 agmine
1687 621 1841 691 facto

215 722 514 805 Ignavum
540 721 706 800 fucos
732 741 915 802 pecus
944 744 978 794 a
1003 726 1367 817 praesepibus
1395 745 1630 796 arcent:
1722 753 1834 816 435

213 834 429 897 Fer-vet
454 858 621 919 opus,
649 837 1031 917 redolentque
1058 840 1268 918 thymo
1297 840 1613 925 fragrantia
1642 847 1834 914 mella.

213 948 274 1009 O
301 948 601 1029 fortunati,
627 968 883 1037 quorum
905 949 1035 1029 jam
1063 953 1289 1014 moenia
1319 952 1559 1036 surgunt
1583 955 1597 1014 l

211 1063 428 1125 AEneas
456 1065 560 1137 ait,
586 1077 646 1123 et
671 1063 903 1153 fastigia
933 1063 1178 1145 suspicit
1215 1038 1418 1131 urbiss

210 1176 399 1242 Infert
425 1177 484 1237 se
510 1176 726 1256 saeptus
754 1177 971 1236 nebula
998 1178 1300 1258 (mirabile
1325 1180 1517 1263 dictu)
1721 1203 1835 1265 439

210 1294 326 1361 Per
342 1294 591 1367 medios,
614 1293 942 1374 miscetque
967 1295 1108 1355 viris
1122 1325 1138 1364 3
1167 1317 1354 1376 neque
1381 1300 1640 1369 cernitur
1666 1302 1795 1365 ulli.

288 1409 491 1484 Lucus
520 1409 580 1469 in
610 1409 758 1469 urbe
787 1409 900 1469 fuit
928 1410 1144 1483 media,
1179 1411 1505 1474 laetiffimus
1536 1417 1787 1489 umbrae,

259 1609 311 1658 ,⁴³
316 1609 358 1651 3.
386 1598 557 1654 dfflentent
576 1595 689 1636 malit
706 1595 883 1649 Cuning.
902 1594 968 1635 sed
988 1609 1027 1635 v.
1056 1597 1106 1636 ad
1121 1596 1203 1636 Ecl.
1224 1599 1299 1647 IX,
1314 1610 1378 1649 31.
1435 1601 1534 1641 adde
1556 1605 1628 1643 Ge.
1657 1605 1727 1652 IV,
1747 1604 1838 1653 164.

199 1671 265 1705 aut
280 1664 314 1701 d.
338 1658 497 1709 Zulich.
609 1671 702 1710 434.
732 1662 903 1712 excipiunt
921 1660 1059 1712 Bigot.
1173 1661 1264 1710 436.
1296 1664 1513 1716 Fragrantia
1530 1672 1618 1705 tecfi'a
1636 1667 1752 1707 malit
1774 1669 1837 1708 vir

203 1724 346 1766 doetus
370 1725 413 1764 in
433 1722 542 1764 obss'.
573 1723 681 1762 misc.
703 1723 790 1762 crit.
809 1723 863 1761 T.
894 1723 943 1770 11,
962 1736 1001 1776 p.
1038 1734 1104 1775 29,
1126 1723 1220 1776 quia
1237 1728 1338 1764 mella
1354 1726 1438 1779 jam
1469 1742 1508 1767 v.
1543 1741 1652 1779 432:
1682 1731 1837 1772 ratione

200 1803 346 1845 parum
363 1789 520 1829 idonea.
539 1787 591 1827 cf.
613 1789 752 1827 Burm.
794 1788 996 1841 flagrantia
1015 1787 1139 1826 etiam
1168 1788 1233 1827 hic
1257 1791 1371 1830 codd.
1407 1802 1452 1831 ut
1485 1793 1579 1833 alibi
1599 1809 1610 1841 3
1638 1794 1688 1833 fic
1709 1796 1833 1836 Goth.

201 1864 293 1897 tert.
408 1852 502 1903 438.
519 1854 666 1906 fiascipit
694 1860 776 1890 tres
805 1863 868 1903 ap.
886 1852 1022 1890 Burm.
1058 1864 1088 1890 c.
1112 1852 1235 1891 Goth.
1269 1867 1328 1906 pr.
1409 1859 1562 1910 coqspicit
1590 1858 1735 1898 Hamb.
1768 1872 1831 1912 pr.

196 1921 362 1972 prospicit
383 1915 543 1971 Vratist
565 1928 688 1955 merae
709 1913 849 1966 utique
869 1913 1150 1953 aberrationes.
1203 1915 1391 1956 AEdificia
1410 1918 1487 1957 alta
1508 1929 1547 1958 et
1566 1920 1711 1959 excelsa
1717 1923 1837 1975 suspi-

200 1986 307 2022 cimus
325 1980 501 2036 proprie.
555 1979 781 2019 Commode
811 1978 945 2030 itaq'ue
961 1981 1078 2031 poe'ta
1097 1979 1170 2018 hac
1190 1993 1283 2019 voce
1311 1983 1401 2022 usus
1420 1983 1488 2032 est,
1515 1994 1559 2024 ut
1579 1985 1834 2027 altitudinem

200 2046 463 2098 aedificiorum
482 2056 530 2084 eo
549 2043 634 2097 ipso
652 2042 863 2095 subjiceret
882 2042 1034 2083 animis.
1092 2043 1197 2082 Hinc
1217 2045 1339 2084 etiam
1347 2048 1498 2106 fastigia
1518 2050 1612 2088 urbis
1628 2038 1729 2089 dixit
1753 2065 1827 2103 pro

199 2112 533 2165 te,<5tis.--—439.
548 2109 747 2160 fisaeptum
766 2106 868 2145 alter
882 2109 1045 2159 Menag.
1072 2116 1112 2145 et
1140 2107 1293 2146 Erfurt.
1406 2123 1498 2157 440.
1526 2115 1622 2150 viros
1638 2113 1774 2166 Bigot.
1793 2124 1835 2155 et

199 2191 303 2219 unus
330 2173 467 2225 Heinf.
523 2175 574 2213 Et
598 2171 650 2211 fic
675 2171 761 2223 jam
781 2170 935 2210 Pierius
956 2169 1069 2209 fuisse
1099 2182 1311 2220 memorat,
1339 2174 1407 2225 qui
1433 2174 1640 2227 legerent:
1672 2179 1746 2216 Per
1763 2194 1833 2217 me..

196 2247 267 2283 dios
292 2243 464 2293 mifietque
491 2241 587 2277 viros
611 2236 661 2276 sc.
693 2236 744 2276 se.
856 2246 952 2283 441.
981 2236 1109 2274 umbrae
1132 2244 1324 2288 tanquam
1354 2238 1584 2289 exquisitius
1616 2240 1764 2292 recepit
1793 2250 1834 2281 et

198 2307 316 2361 ὀοᾷε
334 2303 544 2361 illustravit
562 2301 700 2343 Heius.
753 2300 873 2355 Adde
894 2299 1126 2340 Markland.
1147 2302 1219 2354 Ep.
1250 2300 1338 2340 crit.
1369 2314 1412 2355 p.
1450 2313 1541 2344 121.
1597 2303 1674 2359 Vel
1708 2305 1830 2345 Probi

1616 2367 1830 2409 auetoritas

192 2525 240 2557 v.
299 2525 399 2572 quae
455 2507 513 2567 ad
560 2505 973 2571 interpretationem

193 2571 388 2631 faciunt,
409 2572 457 2619 in
491 2571 615 2620 rimis
643 2572 701 2619 de
723 2569 973 2626 mellificio'.

192 2637 255 2699 cf.
278 2637 384 2696 AEn.
407 2637 455 2683 V
484 2673 500 2694 ,
521 2653 631 2703 707.
651 2641 694 2685 8.
714 2652 762 2700 9.
830 2637 971 2684 Com-

191 2701 490 2766 parationem,
524 2717 657 2765 quam
685 2699 858 2748 mireris
877 2698 973 2746 cui-

190 2762 315 2832 piam
353 2763 592 2830 displicere
627 2763 837 2829 potuifl‘e,
889 2762 970 2809 ad-

186 2830 339 2878 ‘versus
371 2828 439 2879 H.
477 2829 749 2894 Stephanum
776 2829 874 2891 diff.
911 2827 968 2874 de

189 2891 384 2958 criticis
397 2911 449 2961 p.
477 2911 495 2942 1
510 2910 527 2942 1
538 2910 557 2942 1
570 2890 793 2942 defendit
813 2893 965 2948 Burm.

191 2954 431 3021 Praeiverat
470 2953 702 3017 Homerus
739 2956 870 3006 Iliad.
915 2961 966 3012 β,

194 3028 402 3088 87—-90-
404 3021 489 3085 sub
484 3021 734 3086 sole'Burm.
752 3023 848 3084 vult
865 3024 965 3078 effe,

189 3086 282 3147 sole
332 3087 524 3144 oriente,
590 3086 765 3146 summo
818 3103 963 3144 mane.

190 3150 369 3217 Georg·
411 3148 506 3214 IV.
540 3166 560 3198 1
573 3153 600 3198 8
605 3167 633 3218 5
677 3170 798 3213 ngane
838 3164 966 3199 ruunt

182 3223 335 3294 'pqr-th.
402 3216 522 3264 Sane
539 3212 606 3278 ita
625 3230 692 3263 res
712 3214 814 3265 fert.
870 3214 964 3263 Ve-

183 3279 685 3409 fflssrfflstp'zffiss
707 3278 963 3393 ‘stfflssk

172 3398 261 3479 Jic'b
286 3397 375 3469 Ᾱῖε,
386 3381 475 3472 Jub
501 3416 632 3466 noae,
662 3421 756 3455 tam
782 3410 964 3475 anguste

187 3473 288 3534 aeci
317 3471 413 3533 itur
431 3489 461 3533 a
509 3471 642 3522 cetis,
686 3473 755 3530 Su
787 3490 836 3522 ra
853 3489 965 3541 quo-

184 3553 274 3612 ςῖξε
335 3537 397 3585 cl·
488 3573 505 3595 ,
543 3553 598 3600 13
605 3535 695 3602 sole
697 3491 786 3602 sug
804 3540 973 3607 ardenti

182 3605 316 3670 ¹{gliti-31·
335 3601 509 3652 dlstum
529 3616 622 3652 non
642 3601 720 3661 est.

1118 2520 1229 2570 437.
1289 2506 1481 2571 Egregie
1522 2507 1581 2554 ad
1624 2507 1827 2555 affec‘tum

1052 2569 1145 2625 haec
1195 2570 1498 2618 exclamatio!
1553 2570 1663 2634 quid
1705 2571 1827 2619 enim

1051 2635 1123 2682 his
1189 2635 1316 2683 rebus
1382 2633 1624 2698 conspeetis
1675 2634 1828 2682 AEneae

1048 2715 1128 2764 per
1159 2715 1299 2746 maria
1334 2710 1380 2746 et
1401 2711 1536 2758 terras
1556 2711 1743 2755 erranti,
1776 2711 1828 2745 ut

1049 2779 1214 2810 novam
1256 2764 1401 2811 sedem
1440 2775 1669 2826 quaereret,
1707 2778 1825 2809 nova

1049 2827 1159 2876 urbe
1193 2828 1379 2876 condita
1406 2825 1644 2891 optabilius
1674 2826 1822 2882 videri

1049 2891 1232 2946 debuit!

1111 2972 1223 3022 439.
1278 2970 1389 3018 440.
1442 2952 1662 3010 Observa,
1707 2971 1819 3017 quo-

1047 3022 1186 3069 modo
1235 3019 1284 3067 in
1346 3015 1528 3081 fingulis
1575 3017 1823 3081 prosaicam

1042 3084 1236 3133 formam
1269 3081 1502 3130 evitaverit
1512 3098 1527 3137 3
1562 3082 1700 3128 etiam
1721 3082 1818 3145 ipso

1038 3148 1275 3220 graecismo
1290 3162 1301 3193 :
1351 3147 1556 3208 μίσγεται
1593 3145 1821 3207 ἄνδρεσσιν,

1041 3213 1263 3262 immiscet
1293 3211 1336 3257 se
1369 3211 1527 3263 turbae,
1559 3225 1640 3256 nec
1671 3210 1818 3256 cerni*-

1042 3291 1118 3325 tur
1168 3276 1226 3325 ab
1290 3274 1402 3330 ullo,
1475 3271 1576 3320 ἐδενῖ
1643 3274 1813 3336 &geilrut-

1042 3341 1217 3392 Confer
1248 3351 1399 3392 tamen
1435 3337 1682 3386 Homerica
1719 3338 1815 3386 Od.

1041 3429 1086 3464 n,
1118 3420 1322 3474 37-—42-
1596 3464 1608 3474 ·

1106 3480 1212 3534 441.
1283 3465 1525 3532 Templum
1594 3480 1642 3511 m
1711 3464 1817 3528 luco

1044 3532 1301 3594 eonditum,
1352 3546 1410 3584 ex
1454 3530 1610 3599 'vetere
1659 3544 1814 3586 more-3

1767 3603 1815 3640 et
