2294 4030
579 274 1082 361 AENE1D03·,
1131 250 1333 349 Lm.
1394 285 1503 349 v1.
1711 299 1826 374 *73¹7

181 443 436 531 Largior
466 449 565 510 hic
594 469 840 531 campos
861 451 1049 511 aether
1072 465 1132 510 et
1159 451 1390 512 sumine
1418 452 1595 526 vestit¹
1709 453 1830 530 640

180 558 486 642 Purpureo
501 591 519 631 ς
553 563 856 644 solemque
884 563 1076 638 suum,
1104 563 1203 624 sua
1223 565 1406 626 fidera
1432 582 1668 628 norunt.

179 672 317 734 Pars
347 674 409 762 ip
426 675 743 756 gramineis
772 691 1048 753 exercent
1078 677 1349 737 membra
1369 678 1690 759 palaestri33

180 788 563 849 Contendunt
589 789 754 862 ludo,
781 805 838 850 et
870 788 1032 851 fulva
1060 792 1357 853 luctantur
1380 813 1585 862 arena3

180 898 317 960 Pars
350 901 606 982 pedibus
626 903 919 982 plaudunt
947 903 1208 975 choream,
1227 919 1284 962 et
1303 905 1569 963 carmina
1589 903 1819 964 dicunt.

233 1059 328 1113 640.
353 1074 491 1118 «empus
512 1065 576 1118 (ut
596 1063 669 1106 fit:
699 1067 751 1106 L.
775 1066 812 1106 h.
834 1075 989 1120 campus,
1013 1065 1124 1107 aether
1155 1075 1188 1105 et
1219 1069 1244 1106 l.
1281 1083 1322 1108 v.
1355 1066 1432 1120 P.)
1464 1067 1640 1108 Pieriani
1667 1067 1822 1122 aliquot

182 1126 305 1167 Rom.
326 1138 368 1168 et
387 1129 496 1171 Gud.
519 1143 544 1168 a
576 1142 633 1169 m.
655 1129 730 1169 sec.
755 1129 928 1170 Mentel.
950 1143 1014 1183 pr.
1045 1144 1068 1169 a
1086 1143 1141 1171 m.
1162 1143 1225 1183 pr.
1246 1139 1286 1169 et
1305 1125 1454 1184 fragm.
1473 1128 1607 1171 Vatic.
1625 1146 1648 1171 a
1666 1145 1723 1174 m.
1747 1145 1827 1186 pn,

181 1200 222 1230 et
239 1198 448 1231 mutatum
480 1192 609 1232 videri
639 1191 781 1246 potest,
810 1206 857 1231 ex
875 1192 984 1232 malo
1003 1193 1124 1233 metri
1143 1193 1296 1232 ruentis
1315 1203 1452 1241 metu}
1479 1194 1545 1235 sed
1575 1195 1827 1236 verisimilius

179 1250 343 1298 librario
362 1256 439 1295 hoc
459 1252 610 1305 deberi,
636 1256 705 1309 qui
724 1257 775 1296 ad
796 1258 956 1309 Largior
983 1257 1189 1297 retulerat.
1245 1258 1299 1295 bic
1316 1259 1427 1297 aether
1442 1267 1578 1312 campos
1599 1260 1726 1301 Goth.
1746 1261 1822 1303 sec,

179 1327 221 1375 et
241 1319 422 1359 Parthas.
441 1320 561 1358 metri
581 1319 732 1367 cauffa3
761 1329 816 1367 et,
841 1324 906 1358 αέν
922 1330 1070 1374 campos,
1096 1320 1249 1372 aliquot
1271 1321 1379 1362 Pier.
1445 1324 1483 1359 de
1508 1325 1634 1362 lumine
1665 1324 1770 1378 Reg.
1797 1339 1821 1365 a

179 1394 236 1420 m-
258 1395 321 1435 pr.
376 1384 422 1422 In
450 1391 483 1422 et
513 1384 719 1423 neminem
754 1383 902 1423 haefiffe
933 1385 1075 1423 miror.
1134 1384 1291 1424 Scilicet
1327 1386 1426 1425 ordo
1459 1386 1691 1436 verborum,
1720 1398 1818 1429 aut:

179 1448 338 1500 Largior
364 1448 420 1486 bic
447 1449 551 1486 aether
580 1449 637 1502 ψ,
663 1457 696 1486 et
712 1457 847 1500 campos
872 1451 900 1489 l.
930 1464 971 1489 v.
994 1450 1065 1497 P„
1092 1457 1159 1487 aut
1178 1461 1188 1488 ε
1220 1451 1357 1488 AEther
1373 1452 1520 1503 largior,
1544 1461 1576 1490 et
1593 1455 1718 1491 lumine
1727 1464 1822 1507 pur-

176 1521 300 1566 pureo,
328 1513 427 1568 vfstit
453 1522 603 1566 campos,
627 1511 670 1553 h,
693 1525 729 1551 e.
766 1511 999 1551 circumdat.
1058 1516 1146 1552 Hoc
1178 1513 1329 1552 malim.
1388 1514 1450 1552 Sic
1481 1514 1565 1566 jam
1603 1516 1744 1556 Cicero
1778 1518 1821 1557 in

184 1576 393 1617 Phaenom.
427 1589 470 1616 v.
499 1575 553 1615 60
586 1574 918 1628 (Capricornum)
964 1591 1037 1613 cum
1061 1583 1225 1628 perpetuo
1255 1576 1394 1629 vqstivit
1424 1578 1552 1615 lumine
1589 1578 1821 1616 “Titum——

137 1667 138 1671 =
181 1640 277 1689 642.
303 1649 433 1680 exercet
465 1640 584 1680 multi
611 1639 750 1679 Heius.
776 1647 817 1678 et
846 1640 985 1678 Burm.
1055 1630 1057 1632 ¹
1098 1638 1190 1687 644.
1207 1640 1338 1693 fidibus
1360 1642 1536 1693 plaudunt
1564 1645 1725 1697 Hugen.
1747 1657 1823 1697 pro

181 1718 265 1745 var.
299 1705 393 1746 lest.
448 1707 597 1759 ,pedibus
626 1706 784 1743 claudunt
816 1703 963 1744 Medic.
994 1718 1017 1743 a
1043 1716 1098 1743 m.
1132 1717 1209 1758 pr„
1246 1704 1415 1743 ridiculo
1447 1704 1574 1758 lapsu.
1639 1723 1669 1747 c.
1699 1711 1824 1748 ducunt

182 1770 379 1812 Rottend.
404 1782 464 1824 pr.
485 1783 508 1809 a
527 1783 584 1811 m.
604 1782 667 1824 pr.
690 1779 731 1809 et
753 1771 847 1810 Exc.
870 1770 1008 1808 Burm.
1030 1781 1122 1808 am.
1144 1769 1217 1809 sec.
1270 1772 1384 1809 dicant
1400 1770 1508 1811 Gud.

181 1927 228 1963 et
302 1912 567 1967 Pindarum,
635 1911 750 1960 locis
802 1912 960 1960 laudd.

183 1970 310 2026 Nam
326 1981 447 2042 sedes
471 1977 608 2026 beatae
627 1977 710 2041 ipfi
743 1976 844 2024 sunt
866 1977 962 2029 luci

182 2043 371 2100 amoeni,
406 2054 453 2091 et
468 2041 640 2106 campi,
664 2042 799 2089 aether
822 2057 963 2106 purus

182 2122 228 2157 et
240 2109 399 2156 caelum
421 2106 622 2154 serenum
644 2125 658 2162 3
678 2105 767 2152 rivi
788 2119 832 2154 et
853 2105 890 2152 ri
926 2124 963 2154 ae

113 2198 119 2201 ·
183 2172 459 2239 gramineae3
513 2171 657 2219 studia
704 2186 761 2217 ex
813 2170 885 2234 pri
908 2187 963 2217 ca

183 2239 296 2295 vita,
310 2240 450 2301 inque
469 2233 538 2284 his
553 2235 727 2283 choreae
742 2234 799 2282 ad
818 2233 963 2281 citha-

183 2318 244 2351 1ae
279 2314 482 2356 cantum,
519 2311 565 2348 et
598 2300 756 2366 epulae.
823 2299 962 2346 Adde

184 2369 337 2415 locum
360 2364 415 2412 de
438 2365 641 2429 Olympo
665 2364 819 2426 Odyss
834 2362 877 2424 ζ,
898 2381 958 2426 4z

182 2431 282 2498 sqq.
352 2429 535 2479 Similia
569 2444 750 2493 quoque
785 2427 961 2475 suntin

184 2496 421 2551 Axiocho,
464 2495 544 2557 qui
586 2493 667 2540 sub
709 2491 961 2547 AEschinis,

182 2574 314 2609 antea
349 2559 430 2608 sub
452 2557 670 2612 Platonis,
692 2556 875 2604 nomine
894 2556 962 2604 fe-

182 2626 382 2674 rebatur.
490 2620 771 2670 Communia
822 2620 961 2668 etiam

184 2690 286 2738 sunt
322 2689 538 2736 nonnulla
571 2685 722 2749 Elyfio
747 2702 852 2734 cum
886 2701 963 2732 au-

184 2767 261 2803 rea
293 2753 532 2802 hominum
562 2762 705 2798 aetate.
769 2751 873 2813 Jam
905 2749 964 2796 ab

182 2815 256 2867 his
289 2830 517 2882 tamquam
536 2813 769 2864 elementis
790 2813 965 2879 profec-

183 2896 255 2931 tus
290 2884 347 2931 ad
371 2893 584 2947 quantam
612 2879 960 2944 amplitudinem

185 2946 447 3000 Paradisum
480 2944 610 2993 suum
648 2943 814 2992 extulit
847 2942 962 2990 Mil-

183 3022 320 3062 tonus
342 3010 436 3068 IV,
466 3025 551 3073 132
574 3008 673 3073 sqq.

250 3075 362 3142 640.
386 3077 570 3141 Largior
586 3073 739 3130 aether,
755 3071 962 3137 egregie,

216 3142 428 3197 atentior,
450 3136 656 3194 liberior,
679 3137 816 3185 nullis
830 3137 963 3184 nubi-

183 3155 286 3263 ἰαῦ,
345 3205 470 3252 nulla
501 3201 697 3267 caligine
737 3201 961 3249 induRus.

184 3269 324 3319 Silius
380 3262 488 3316 hinc
531 3267 616 3315 lib.
669 3265 815 3318 XIII,
867 3281 963 3331 550

181 3333 341 3383 laxata
372 3333 512 3386 lucida
531 3339 642 3380 noble
675 3330 879 3394 Clatfstra
898 3337 961 3394 nif

183 3410 288 3459 tent,
311 3397 433 3446 dixit
453 3398 512 3446 de
533 3394 702 3458 Elyfio,
757 3394 892 3452 Ὄψει
919 3410 962 3441 τε

187 3469 271 3524 935
289 3462 486 3517 κῶλλιςον
512 3466 651 3527 ὅστις
669 3456 811 3508 ἐνθάδε
835 3457 963 3508 Atis-

1046 1912 1174 1976 toph.
1199 1911 1320 1961 Ran.
1371 1928 1477 1978 155·
1509 1929 1621 1979 457.
1685 1915 1823 1964 lumen

1035 1990 1309 2086 jlnurpureum,
1343 1978 1599 2051 pulchrum,
1637 1991 1686 2052 ut
1723 1980 1821 2053 sup:

1043 2042 1402 2152 16οΞ9ἓ1ῑεζὲίεῖ
1431 2046 1606 2161 ueSsoltn
1622 2044 1820 2172 {gaddi}

1044 2171 1193 2216 nostro
1217 2170 1324 2217 orbe
1343 2170 1574 2227 occidens,
1594 2174 1648 2218 ad
1674 2172 1817 2219 infera

1042 2234 1142 2280 loca
1159 2234 1468 2299 progreditur,
1497 2234 1546 2280 in
1579 2237 1719 2283 altero
1742 2238 1819 2284 Sol

1040 2310 1275 2362 perpetuus
1317 2300 1452 2345 ῐιοξὶιι
1491 2315 1615 2362 aeque
1650 2317 1701 2348 ac
1741 2302 1822 2349 die

1044 2362 1156 2423 (fere
1192 2374 1243 2409 ut
1280 2379 1352 2426 ap.
1393 2362 1501 2411 Val.
1539 2363 1607 2411 Fl.
1640 2365 1684 2421 I,
1725 2368 1819 2429 844

1041 2426 1118 2474 ubi
1149 2427 1225 2475 Sol
1248 2429 1385 2489 etc.).
1454 2428 1541 2474 Sed
1563 2435 1699 2491 poeta
1721 2430 1819 2476 sua-

1043 2490 1142 2538 vius
1176 2491 1324 2539 Solem
1364 2490 1516 2553 Elyfio
1538 2492 1685 2548 suum,
1707 2510 1819 2558 prae-

1043 2554 1300 2604 stantiorem
1321 2568 1430 2620 puta
1447 2557 1593 2603 nostro
1616 2557 1736 2614 Sole,
1770 2570 1820 2605 ut

1044 2631 1223 2676 caetera,
1267 2621 1465 2684 assignat.
1552 2619 1639 2667 Pro
1693 2638 1821 2669 com-

1042 2685 1265 2733 mentario
1304 2684 1459 2731 haberi
1503 2685 1647 2748 potest
1685 2687 1817 2734 Tele-

1040 2749 1223 2796 machus
1243 2747 1325 2796 lib.
1350 2747 1494 2795 XIX.
1559 2748 1683 2795 Inter
1704 2750 1819 2798 aliaz

1040 2813 1131 2876 c’est
1143 2812 1284 2876 plz‘c'to't
1305 2832 1383 2862 une
1433 2812 1531 2860 loire
1558 2812 1711 2874 ce‘leste,
1748 2815 1819 2879 qu’

1041 2897 1120 2925 une
1140 2878 1323 2934 lamiam,
1387 2833 1601 2924 semitatur
1624 2877 1818 2925 Claudi*

1040 2955 1149 2989 anus
1169 2942 1227 2990 de
1251 2942 1310 2990 R.
1337 2941 1385 2990 P.
1400 2939 1484 2988 lib,
1507 2940 1574 2996 II,
1594 2944 1682 2989 282
1715 2942 1814 3007 sqq.

1040 3006 1103 3055 cf.
1129 3005 1298 3055 Cerda.
1349 3017 1520 3060 norunt,
1541 3004 1714 3061 vident,
1737 3006 1819 3070 qui

1041 3069 1091 3117 in
1115 3069 1276 3133 Elyfiis
1296 3069 1416 3122 sunt,
1440 3068 1622 3118 habent.
1690 3069 1820 3119 Male

1041 3133 1171 3183 aliter
1191 3133 1276 3181 viri
1295 3134 1433 3181 docti.

1108 3199 1378 3262 642—644.
1416 3195 1531 3245 Haec
1560 3196 1724 3245 iterum
1760 3196 1820 3246 ad

1044 3261 1228 3314 Pindari
1271 3263 1458 3310 duflum
1496 3262 1529 3309 l.
1566 3263 1601 3310 l.
1636 3262 1712 3310 nai
1754 3263 1822 3312 τοὶ

1042 3331 1113 3386 μὲν
1150 3327 1325 3375 ἱππείοις
1365 3328 1623 3386 «γυμνασίοις,
1668 3326 1734 3378 τοὶ
1776 3327 1818 3376 δὲ

1041 3395 1292 3456 φοξμίγγεσι
1326 3395 1564 3455 τέρπονται.
1629 3391 1823 3454 ΕΧΡτεῖφ

1043 3457 1091 3504 sa
1123 3456 1295 3506 scilicet
1327 3465 1430 3514 vita
1461 3455 1822 3566 antiqughemum

1653 3537 1819 3577 raec1ae;
