2372 4030
509 413 590 482 20
754 399 1351 492 P.V'1R'G1‘L11
1411 402 1914 477 MARONIS

503 586 983 666 Praesentemque
1010 565 1153 645 viris
1177 585 1470 646 intentant
1494 585 1708 645 omnia·
1714 598 1994 669 m9rtem.
2077 574 2162 668 96
2251 615 2255 619 ·

499 700 830 782 Extemplo
859 694 1070 760 AEneae
1099 699 1405 761 solvuntur
1426 699 1650 782 frigore
1679 701 1973 760 membra.

475 811 786 900 Ingemit,
829 831 906 890 et,
946 817 1201 898 duplicis
1230 815 1475 876 tendens
1505 816 1580 876 ad
1609 815 1799 876 fidera
1823 816 2075 896 palmaS,

500 934 670 993 Talia
691 954 839 993 voce
860 932 1079 992 refert:
1123 931 1183 991 O
1211 946 1418 1011 terque
1438 945 1763 1012 quaterque
1787 931 1950 991 beati
1975 922 1990 991 l

498 1048 651 1130 Qis
670 1064 806 1107 ante
826 1065 928 1107 ora
948 1062 1188 1127 patrum
1212 1045 1414 1127 Trojaej
1437 1045 1542 1105 sub
1561 1046 1867 1106 moenibus
1885 1046 2020 1106 altis
2041 1099 2044 1103 ,
2076 1067 2114 1130 9
2123 1062 2153 1127 5

498 1163 770 1245 Contigit
798 1177 1082 1244 oppetere
1107 1161 1122 1218 l
1166 1182 1204 1221 o
1232 1147 1508 1222 Danaum
1536 1160 1842 1240 fortiffime
1866 1162 2062 1242 gentis

497 1278 753 1357 Tydide,
793 1299 967 1340 mene
990 1279 1184 1339 Iliacis
1214 1279 1575 1340 occumbere
1603 1279 1835 1359 campis

495 1396 640 1457 Non
707 1396 977 1476 potuiffe‚
1035 1410 1251 1475 tuaque
1305 1396 1572 1457 animam
1624 1396 1777 1455 hanc
1847 1394 2155 1456 effundere

742 1510 949 1570 dextra
967 1510 983 1568 ἒ

549 1684 620 1726 91.
650 1685 791 1714 montem
812 1676 961 1716 Medic.
983 1691 1005 1716 a
1027 1691 1081 1716 m.
1104 1690 1164 1730 pr.

496 1748 564 1791 93.
592 1741 724 1776 tendens
737 1743 894 1792 geminas
914 1739 1048 1793 Bigot.

492 1802 552 1843 ita
571 1800 626 1840 est
645 1801 953 1855 intelligendusj
983 1802 1143 1854 Duplex
1162 1802 1240 1840 fuit
1267 1802 1427 1842 forma:
1474 1806 1545 1854 qui,

492 1869 610 1918 queis)
634 1875 674 1905 et
692 1882 784 1918 ques,

495 1928 603 1974 deest
622 1930 684 1969 ed.
704 1931 813 1969 Ven.
839 1941 958 1979 1472.

1279 1687 1344 1729 92.
1375 1677 1559 1731 Extimplo
1578 1675 1762 1716 scribitur
1773 1676 1816 1716 in
1829 1674 2044 1715 nonnullis.
2069 1659 2072 1663 ’

1161 1752 1184 1790 9
1187 1751 1230 1787 5.
1256 1755 1317 1777 ora
1336 1742 1430 1777 deum
1450 1753 1512 1792 pr.
1543 1738 1694 1778 Hamb.
1750 1741 1877 1792 Super
1902 1742 1978 1790 quis
1996 1738 2160 1777 Servius

1591 1818 1749 1855 quorum,
1766 1819 1768 1821 ’
1789 1805 1876 1854 quis.
1905 1800 2002 1853 (non
2021 1809 2159 1840 autem

813 1870 943 1919 quium,
972 1867 1107 1919 quibus,
1133 1865 1212 1905 five
1232 1866 1281 1904 ab
1311 1865 1443 1915 initio,
1472 1869 1579 1918 queis,
1604 1870 1753 1919 queium,
1780 1865 2109 1920 queibusae———960
2137 1882 2158 1906 ο

1074 1929 1198 1983 Tytide
1216 1929 1334 1969 multi
1350 1930 1453 1969 male
1474 1930 1664 1971 scribunt.
1722 1930 1790 1970 Est
1809 1926 1975 1974 Τυδείδης.
2032 1942 2156 1972 mox:

490 1992 845 2046 decumbereflammis
861 1993 1011 2033 Hamb.
1033 2007 1095 2046 pr.
1118 1993 1185 2033 sed
1204 2007 1296 2032 curn
1314 1993 1514 2034 Diomede
1534 1994 1575 2033 in
1594 2007 1735 2048 campo
1755 2003 1848 2034 ante
1866 1994 2039 2048 Trojam
2061 2008 2160 2035 con-

493 2056 646 2110 gressus
663 2058 731 2097 est.
761 2071 802 2097 v.
832 2067 913 2097 not.

1029 2058 1097 2111 98.
1128 2060 1214 2097 hanc
1244 2062 1397 2097 animam
1422 2058 1568 2099 Parth.
1621 2068 1682 2098 tua
1712 2060 1799 2098 hanc
1829 2062 1983 2098 animam
2015 2058 2155 2113 Bigot.

491 2124 707 2174 animamque
727 2131 790 2161 tua
808 2124 873 2161 hac
892 2122 1047 2174 (saltem
1069 2122 1159 2162 deb.
1178 2124 1267 2162 hanc
1273 2127 1296 2176 J
1322 2124 1478 2162 Moret.
1497 2136 1559 2178 pr.

554 2280 618 2329 92
676 2264 873 2312 Naturae
914 2263 1162 2311 veritatem
1208 2263 1278 2310 se-

490 2340 659 2393 quutus
674 2331 832 2394 poeta,
847 2330 1064 2394 exemplo
1080 2329 1280 2376 Homeri

491 2395 589 2442 od.
626 2417 663 2449 ε,
699 2395 819 2444 unde
860 2397 989 2443 locus
1029 2395 1278 2477 expressus,

488 2476 537 2508 V.
565 2454 658 2524 297
697 2461 773 2508 καὶ
812 2464 902 2509 τότ
912 2461 1135 2513 Ὀδυσσῆος
1176 2463 1278 2507 λύτο

489 2526 660 2585 ‘yesm‘roe
682 2548 752 2573 nou
778 2527 890 2588 φίλον
925 2548 1045 2588 ητος,
1079 2526 1280 2575 AEneam

486 2591 619 2639 suum
655 2603 782 2639 metu
806 2608 971 2639 vacare
1003 2608 1095 2639 non
1129 2591 1279 2653 jubet.

489 2656 634 2706 Aliud
656 2658 718 2704 est
762 2657 957 2705 Achillis
991 2657 1280 2721 exemplum,

486 2722 572 2787 qui
604 2735 802 2770 mortem
838 2740 865 2769 a
908 2722 1087 2770 Xanthi
1125 2723 1279 2771 eluvie

484 2789 728 2837 instantem
763 2788 969 2836 fimiliter
997 2788 1279 2836 exhorrescit

483 2853 623 2902 Iliad.
706 2867 756 2914 φ,
814 2871 927 2918 272.
1022 2853 1279 2918 Antiquam

484 2919 728 2984 sepulturae
764 2919 1040 2984 religionem
1072 2919 1164 2968 huc
1198 2920 1278 2967 ad-

486 3002 676 3040 vocare,
733 3002 843 3049 qua,
894 3001 1002 3032 cum
1049 2984 1280 3033 inhumati

477 3050 710 3113 jacerent,
761 3051 848 3115 qui
901 3050 1020 3098 mari
1074 3050 1314 3115 absorpti⁴

482 3118 644 3172 effent,
675 3129 805 3165 tanto
828 3117 1021 3181 gravior
1044 3115 1279 3192 naufragii

482 3182 650 3232 horror
671 3182 760 3230 effe
786 3182 1007 3236 debebat,
1040 3181 1178 3230 nimis
1200 3198 1276 3229 ar-

483 3259 652 3312 gutum
693 3248 916 3303 arbitror,
983 3246 1150 3298 Priscis
1197 3247 1277 3295 he-

482 3313 643 3362 roibus
665 3326 712 3361 et
731 3326 940 3364 metuere
962 3324 1011 3362 et
1027 3313 1136 3362 flere
1153 3311 1280 3361 haud

480 3377 756 3430 indecorum
774 3380 853 3427 est.
1174 3419 1177 3421 .

549 3461 631 3508 93.
682 3444 916 3508 Ὀχῧησας
972 3443 1014 3491 δ’
1065 3444 1147 3507 ἄρα
1189 3464 1279 3492 ems

481 3528 582 3571 ‘ugos
642 3532 680 3556 ον
724 3512 996 3573 μεγαλήτορα
1040 3508 1164 3569 θυμὸν
1225 3525 1278 3559 V·

480 3575 576 3638 298
619 3572 717 3623 Od.
741 3598 778 3633 ε,
821 3587 869 3624 et
911 3574 1112 3642 {equitur
1155 3574 1280 3625 suni-

1358 2262 1416 2311 lis
1456 2263 1607 2311 oratio
1629 2261 1819 2327 Ulyffis,
1866 2273 1918 2310 ut
1955 2261 2035 2311 hic
2070 2262 2157 2313 AE-

1361 2346 1473 2376 neae.

1429 2394 1640 2459 94—96.
1658 2393 1773 2442 ibid.
1792 2393 1887 2458 306
1902 2391 1995 2457 Τρὶς
2004 2395 2159 2453 μάκα-

1361 2482 1419 2522 ρες
1441 2460 1600 2507 Δαναοὶ
1641 2472 1732 2508 etc.
1802 2459 2045 2523 Compara
2082 2460 2158 2508 10-

1362 2542 1485 2574 cum.
1577 2526 1706 2573 conf.
1754 2524 1891 2574 Iliad.
1938 2538 1990 2588 φ,
2061 2541 2158 2591 279

1362 2591 1463 2655 sqq.
1499 2592 1702 2639 nostrum
1739 2590 1952 2639 imitatur
1978 2591 2158 2640 Seneca

1364 2658 1537 2721 Agam.
1566 2671 1656 2723 515
1684 2656 1783 2721 sqq.
1833 2669 2021 2721 oppetere
2042 2675 2159 2705 mor-

1359 2736 1460 2777 tem,
1494 2724 1727 2787 vulgare3
1774 2727 1921 2787 poe'ta
1953 2720 2157 2770 absolute

1360 2788 1543 2853 posuit:
1582 2801 1632 2835 ut
1659 2787 1777 2835 obire
1798 2801 1990 2843 mortem,
2024 2803 2156 2843 mox,

1361 2854 1478 2901 obire
1502 2852 1787 2917 simpliciter.

1427 2919 1638 2993 96—98.
1668 2917 1970 2974 Diomedem,
1994 2913 2157 2983 Tydei

1361 2983 1417 3038 f.‚
1452 2983 1733 3049 potiffimum
1775 2983 1900 3032 inter
1945 2985 2156 3032 Achivos

1362 3061 1610 3104 memorat,
1667 3049 1889 3114 quoniam
1943 3066 2053 3098 cum
2099 3064 2158 3098 eo

1361 3116 1624 3179 congreffus
1671 3116 1844 3165 AEneas
1895 3132 1924 3163 a
1967 3115 2159 3165 Venere

1357 3181 1501 3229 morti
1524 3191 1710 3245 ereptus
1741 3181 1914 3229 fuerat.
1939 3198 1989 3229 v.
2015 3179 2156 3229 Iliad.

1358 3246 1653 3311 12239sqq·
1691 3262 1778 3310 311
1818 3246 1920 3312 sqq·
1986 3246 2158 3321 Fortis-

1342 3313 1503 3376 fimum
1542 3328 1650 3360 eum
1692 3312 1900 3376 appellat
1932 3327 1992 3360 ex
2014 3308 2156 3360 Iliad.

1361 3377 1404 3443 ζ,
1439 3380 1521 3442 98,
1545 3377 1625 3426 ubi
1641 3377 1851 3426 Helenus
1871 3377 1931 3426 de
1955 3376 2158 3426 eodem.

1354 3447 1430 3491 “Or
1451 3443 1535 3494 32⁹
1520 3465 1600 3503 εγω
1623 3464 1812 3506 καρτιςον
1835 3445 2030 3506 ’Axonam
2050 3441 2165 3503 φημὶ
2212 3437 2216 3439 ‚

1357 3507 1570 3569 «γενέσθαι.
1623 3509 1820 3573 (Aliena
1837 3509 1976 3558 affert
1993 3508 2160 3557 Schot-

1359 3586 1434 3624 tus
1457 3575 1526 3624 11.
1547 3573 1678 3624 Obff.
1709 3577 1809 3642 ¹5·)

1877 3655 1961 3706 99.
1995 3636 2159 3706 Odyff‘

2363 2309 2372 2393 l
