2294 4030
417 388 531 455 814
803 360 1436 430 EXCURS-US
1500 359 1654 423 XLV

409 530 736 584 recentioribus
774 524 1002 577 Lusitanis
1040 525 1213 589 poe'tae,
1255 522 1438 570 Comitis
1467 523 1519 570 de
1551 522 1774 576 Eric-cira,
1805 519 1852 568 in
1887 520 2061 568 Herm*-

410 611 575 675 queide,
608 621 698 671 qua
724 601 881 666 Regni
920 598 1125 649 Lusitani
1161 614 1248 663 per-
1285 596 1550 645 Hem-icum>
1573 596 1782 662 primum
1817 594 2057 644 Comitem

410 679 652 733 Lusitaniae
671 677 861 736 exordia
877 685 1187 739 exponuntur,
1220 671 1475 738 epiibdium
1497 688 1605 721 meo
1627 686 1801 739 rogatu
1825 671 2058 736 inter-pref.

410 770 533 806 tatus
556 757 635 810 est,
669 753 790 818 quod
809 753 891 801 lib.
909 751 934 798 Ι
956 762 1003 798 et
1020 751 1072 798 11
1090 748 1382 798 continetur:
1439 748 1677 797 Henricus
1713 747 1938 812 ingressus
1972 763 2060 795 an·

411 846 540 882 trum·
559 830 821 883 fatidicum,
855 825 984 888 cujus
1009 825 1188 872 aditum
1204 822 1414 871 obsident-
1429 823 1631 872 monstra
1646 823 1708 872 ad
1730 823 1879 872 visum
1900 835 1951 872 et
1971 839 2058 871 au-

411 909 561 958 ditum
577 906 823 960 horrenda,
855 901 1077 969 prospicit
1108 899 1379 949 vestibulum
1409 899 1574 964 templi
1609 899 1687 948 seu
1715 898 1896 965 palatii,
1928 898 2062 962 cujus

410 999 546 1051 porta
567 984 706 1034 variis
727 979 1042 1045 hieroglyphis
1075 990 1123 1027 et
1153 976 1509 1026 emblematibus
1542 977 1782 1043 exsculpta
1825 979 1906 1033 est,
1939 992 2060 1042 quo-

410 1078 512 1110 rum
530 1071 849 1125 argumentum
870 1053 1045 1104 faciunt
1078 1069 1149 1102 res
1170 1052 1348 1100 futurae.
1417 1051 1653 1100 Interiora
1682 1052 1811 1101 aedis
1831 1063 2060 1102 exornant

410 1137 611 1202 primum
635 1135 787 1182 statuae
807 1147 865 1178 ex
887 1146 975 1177 aere
1000 1127 1171 1178 XXIV
1193 1143 1380 1192 regum,
1416 1111 1501 1192 qui
1529 1127 1585 1176 in
1617 1128 1848 1176 Lusitanis
1885 1143 2057 1193 regna-

410 1211 502 1262 turi
524 1212 637 1264 sunt,
676 1209 817 1272 usque
832 1207 892 1254 ad
916 1206 1142 1276 Joannem
1162 1204 1395 1269 quintum,
1429 1203 1639 1265 subjeEio·
1654 1202 1824 1268 cuique
1847 1203 1993 1252 titulo
2008 1213 2058 1251 et

408 1285 631 1338 carmine,
665 1295 760 1331 tum
775 1282 969 1331 aliarum
992 1282 1235 1329 statuarum
1251 1295 1447 1343 magnus
1467 1295 1708 1334 numerus,
1741 1278 1909 1326 tabulae
1925 1277 2061 1342 pistae

410 1359 591 1423 aliaque
615 1358 774 1411 multa,
808 1355 973 1421 quibus
997 1371 1162 1418 regum
1196 1353 1518 1401 Lusitanorum
1552 1353 1707 1402 futura
1738 1353 1933 1408 soboles,
1967 1352 2064 1404 viri

411 1433 620 1487 illustres,
655 1444 701 1479 et
724 1432 842 1478 fafta
879 1430 1099 1493 praeclara
1140 1427 1533 1492 repraesentantur.
1606 1429 1704 1476 Sub
1734 1429 1969 1494 regressum
1999 1444 2062 1495 ex

410 1507 623 1572 spelunca
660 1506 707 1553 in
749 1505 973 1568 Sibyllam
1003 1502 1169 1552 incidit
1199 1502 1452 1558 Henricus‚
1486 1521 1606 1568 quae,
1642 1503 1720 1551 ubi
1755 1521 1918 1567 preces
1949 1521 2061 1553 eum

411 1583 563 1631 facere
603 1582 741 1644 juflit,
775 1581 944 1645 tripodi
984 1596 1126 1628 aureo
1154 1578 1372 1632 infidens,
1407 1578 1556 1627 tribus
1591 1579 1924 1634 voluminibus,
1957 1597 2060 1644 quae

409 1657 578 1708 scilicet
601 1674 658 1706 ex
680 1674 848 1705 novem
869 1655 1135 1720 Tarquinio
1156 1654 1268 1702 olim
1291 1654 1458 1703 oblatis
1482 1655 1770 1719 supererant,
1804 1655 2063 1720 explicitis,

408 1734 598 1798 lyraque
622 1732 896 1796 triangulari
936 1733 1074 1785 tacta,
1107 1731 1204 1779 suos
1243 1730 1370 1777 casus
1395 1743 1571 1787 narrat,
1605 1743 1703 1780 tum
1744 1748 1817 1779 res
1864 1729 2062 1796 exponit-

408 1809 623 1873 deinceps
647 1825 673 1856 a
694 1807 920 1856 Lusitanis
944 1806 1189 1872 gerendas,
1223 1805 1406 1854 Indiam
1439 1807 1650 1870 inprimis
1675 1818 1921 1873 utramque
1958 1805 2056 1853 Ita*-

407 1886 517 1934 liam
547 1885 850 1950 navigatione
887 1883 1277 1948 patefaciendam.
1348 1883 1445 1931 Sub
1486 1883 1723 1931 discessum
1761 1883 1852 1930 tria
1886 1882 2061 1930 talenta

413 1976 440 2009 a
462 1961 722 2025 Tarquinio
752 1959 861 2008 olim
886 1976 973 2023 pro
995 1959 1123 2007 libris
1160 1970 1354 2022 accepta
1391 1958 1606 2007 Henrico
1642 1959 1693 2008 in
1715 1975 1878 2007 manus
1902 1956 2065 2014 tradit,

418 2049 468 2086 ut
490 2036 596 2084 inde
620 2037 672 2084 B.
701 2035 894 2100 Virgini
915 2034 1091 2082 sacram
1116 2035 1264 2082 aedem
1289 2036 1505 2084 exstruat.

462 2114 569 2162 Nec
594 2113 742 2160 minus
762 2112 929 2160 mirum
948 2122 995 2158 et
1015 2128 1042 2158 a
1057 2111 1188 2163 solita
1205 2129 1358 2159 rerum
1377 2125 1543 2161 natura
1567 2110 1787 2159 recedens
1802 2111 1863 2158 est
1882 2109 2064 2158 Camob'..

403 2191 468 2255 fii
486 2188 871 2236 inventurnNain
881 2186 1032 2236 Vasco
1044 2187 1101 2234 da
1122 2188 1275 2235 Gama
1296 2188 1466 2247 (Cant.
1487 2186 1542 2237 Χ
1536 2191 1567 2247 J
1586 2204 1612 2234 a
1629 2185 1836 2236 Thetide
1853 2186 1903 2234 in
1919 2187 2063 2235 altum

415 2278 621 2312 montem
640 2266 821 2312 eveEtus
843 2263 999 2311 omnia
1018 2275 1245 2312 terrarum
1271 2281 1436 2328 regna,
1469 2264 1682 2329 inprimis
1698 2263 1864 2320 Indiae,
1881 2263 1932 2312 in
1955 2265 2070 2329 glo--

413 2336 480 2389 bo'
504 2340 729 2403 descripta
758 2339 994 2403 prospicit,
1027 2352 1075 2387 et
1111 2341 1437 2388 Lusitanorum
1474 2340 1570 2387 fata
1595 2356 1624 2386 a
1645 2340 1735 2388 dea
1756 2339 1958 2389 monitus
1982 2338 2063 2387 ad-

413 2415 565 2465 discit.
632 2415 765 2463 Idem
799 2415 964 2479 paullo
1003 2427 1111 2463 ante
1149 2418 1321 2476 (Cant.
1360 2418 1406 2462 V
1400 2420 1431 2477 )
1465 2432 1523 2463 ex
1559 2415 1879 2469 Adamastooe,
1922 2414 2064 2481 genio

414 2490 789 2549 Promontorium
822 2491 960 2538 Bonae
1001 2491 1112 2556 Spei
1146 2491 1400 2546 obsidente,
1434 2490 1723 2540 calamitates
1749 2489 2064 2556 navigationis

416 2568 643 2627 audierat,
677 2580 724 2614 et
746 2566 903 2615 Cantu
926 2568 976 2615 II
1001 2567 1059 2615 ad
1091 2567 1287 2632 Virgilii
1323 2568 1589 2631 exemplum
1627 2568 1740 2616 AEn.
1763 2566 1806 2622 1,
1843 2583 1936 2633 2²3
1961 2567 2064 2636 sqq.

419 2641 601 2708 Jupiter
625 2641 801 2690 Veneri
825 2642 1147 2691 Lusitanorum
1172 2660 1244 2691 res
1265 2643 1482 2692 secundas
1506 2642 1801 2707 praedixerat.

483 2716 622 2783 Qod
661 2717 814 2779 primo
846 2717 952 2765 loco
985 2734 1012 2764 e
1049 2718 1296 2767 Camoefio
1334 2719 1536 2773 narravi,
1581 2730 1907 2767 commentum·
1931 2734 2066 2768 com-

417 2793 570 2857 parari
594 2792 746 2856 aliquo
766 2792 905 2840 modo
934 2794 1078 2856 potest
1109 2810 1216 2842 cum
1239 2794 1422 2847 Miltoni
1455 2794 1684 2843 notiffimo
1720 2793 1935 2858 episodio
1956 2794 2062 2858 (lib.

418 2868 537 2929 XI),
570 2867 651 2914 etfi
683 2868 771 2915 hoc
805 2866 864 2914 ad
910 2867 1273 2932 probabiliorem
1323 2870 1555 2918 rationem
1590 2881 1949 2932 attemperatum
1983 2870 2065 2919 est.

418 2944 654 2993 DeduGtus
689 2942 738 2991 in
782 2942 956 2992 clivum
1007 2952 1059 2992 a'
1085 2945 1325 2995 Michaele
1359 2946 1568 2995 Adamus
1602 2944 1890 3009 prospestum
1925 2945 2067 2994 habet

419 3019 543 3068 orbis
580 3030 806 3066 terrarum
850 3030 897 3067 et
936 3035 964 3067 a
1009 3021 1182 3069 comite
1221 3039 1377 3070 rerum
1418 3021 1679 3070 futurarum
1733 3018 2066 3085 expositionem

420 3094 579 3151 discet.
631 3093 850 3159 Vestigiis
875 3094 973 3158 ejus
996 3096 1102 3145 satis
1119 3097 1387 3163 obsequiose
1409 3096 1570 3146 institit
1592 3095 1832 3145 Noachidis
1851 3097 2030 3145 auctor.

488 3172 534 3218 A
572 3169 767 3234 magicis
802 3172 1042 3238 praestigiis
1076 3187 1125 3222 et
1155 3174 1513 3223 incantamentis
1537 3172 1734 3223 retraxit
1768 3183 1821 3222 et
1847 3172 1909 3222 ad
1932 3185 2070 3224 vetes-

389 3254 391 3257 ⁴
422 3253 524 3296 rum
554 3244 746 3311 vestigia
783 3246 984 3312 legenda
1019 3250 1263 3300 revocavit
1297 3251 1415 3300 alios
1441 3250 1540 3316 ipsa
1577 3247 1866 3316 argumenti,
1894 3248 1944 3298 in
1970 3263 2070 3316 quo

422 3319 739 3379 versabantur,
771 3320 1011 3373 interdum
1050 3337 1316 3392 temporum
1352 3342 1542 3392 quoque
1589 3336 1640 3375 et
1692 3322 1958 3378 hominum,
1988 3319 2065 3374 in-

423 3407 496 3445 ter
530 3411 649 3462 quos
684 3395 922 3455 vivebant,
955 3413 1138 3452 natura.
1204 3400 1274 3452 Hi
1317 3403 1415 3452 fere
1448 3401 1513 3450 ad*
1552 3401 1649 3451 visa
1687 3416 1744 3448 ac
1775 3398 1950 3448 somnia
1978 3399 2065 3449 de·

422 3469 537 3534 lapsi
561 3464 701 3531 sunt,
752 3471 916 3535 quibus
959 3473 1136 3524 futuros
1176 3476 1304 3525 casus
1347 3474 1591 3543 praediuos
1635 3473 1929 3528 exhiberent,
1984 3486 2068 3525 aut
2139 3517 2158 3532 .,

423 3541 652 3610 ξ’ἃῑὸῒὶῑέΰῑ
689 3546 726 3596 F
730 3551 1348 3613 atomm‘qommentiusunt,
1381 3568 1482 3610 rem.
1517 3550 1578 3609 ad
1616 3547 1935 3607 exornandum
1957 3547 2067 3598 fatis

1857 3623 2065 3681 obviam.
