2294 4030
182 446 315 500 hobis
355 450 464 500 inde
520 447 758 516 provenire
811 450 971 514 potest,

182 515 845 580 stiffeebjeflm.1nprimis
863 530 974 563 vero

183 578 320 634 ludus
334 580 502 645 sTrojae
531 580 763 628 Romanos
784 579 970 627 lectores

179 644 409 694 delestare
444 644 619 694 debuit.
687 644 798 692 Alia
838 643 968 706 hujus

183 708 504 774 descriptionis
525 709 748 764 suavitas,
770 725 868 773 quae
901 721 973 759 ta-

184 789 293 823 men
305 773 447 823 etiam
465 773 600 822 nobis
617 785 774 837 parata
795 786 844 820 et
856 785 972 836 cog·

185 837 288 888 nitu
324 837 469 887 facilis
500 838 580 894 est,
613 853 670 885 ex
716 836 969 885 Homerica

183 899 443 950 imitatione
497 901 818 966 proficiscitur,
885 901 967 965 qui

182 963 319 1014 Iliad.
343 967 385 1024 ψ
413 966 617 1014 Patrocli·
653 967 787 1014 funus
818 977 865 1012 et
896 966 968 1012 lu-

182 1029 269 1076 dos
333 1030 470 1079 fimili
535 1046 592 1078 co
625 1030 671 1077 ia
720 1027 967 1094 descripsit.

184 1095 599 1147 Tantum-autema
631 1096 710 1152 est,
723 1107 774 1143 ut
796 1094 969 1142 Roma-

184 1158 276 1215 nis,
310 1159 496 1224 quibuS,
545 1175 638 1206 non
674 1158 826 1215 nobis,
861 1158 970 1206 scri-

185 1221 323 1270 bebat
343 1229 500 1287 poeta,
522 1235 610 1273 ,aut
622 1221 875 1287 infringere
890 1223 969 1274 de-

180 1286 489 1345 lesiationem,
521 1298 599 1335 aut
629 1287 841 1335 carminis
862 1287 969 1353 dig-

185 1350 373 1399 nitatem
393 1351 569 1401 eleVare
601 1352 829 1400 videretur
863 1353 970 1400 talis

181 1413 403 1474 imitatio,
436 1428 486 1465 ut
508 1415 677 1480 potius,
708 1416 895 1482 ingenio
913 1434 967 1465 ac

176 1479 311 1528 'sensu
335 1481 522 1530 illorum
543 1493 795 1544 temporum
822 1494 867 1528 et
884 1481 968 1528 ho-

182 1544 380 1602 minum,
414 1546 464 1593 id
503 1545 626 1610 quod
665 1556 786 1592 totus
806 1545 966 1609 Virgi-

166 1608 270 1658 iius
299 1622 345 1656 et
367 1610 593 1658 Horatius
628 1610 813 1666 docent,
851 1611 967 1659 nihil

179 1673 545 1737 magnificentius
585 1691 638 1723 ae
688 1674 967 1738 splendidius

181 1736 322 1785 fuerit
339 1738 483 1787 visum
506 1740 555 1788 in
586 1744 745 1803 poeta,
772 1756 907 1803 quam
932 1739 963 1787 fi

182 1801 455 1851 Graecorum
499 1809 738 1868 poetarum
780 1805 883 1851 loca
920 1817 965 1851 et

180 1866 365 1917 inventa
386 1871 627 1917 commode
665 1880 710 1918 et
731 1868 965 1933 ingeniose

181 1929 232 1980 in
255 1931 332 1979 sua
348 1934 553 1981 carmina
571 1932 848 1982 transferret.

250 1997 341 2044 Sed
359 2010 408 2045 ut
428 1997 774 2046 delestationiin
798 1998 885 2045 hoc
906 1998 963 2046 li'-

180 2059 271 2109 bro
287 2078 367 2125 per
386 2063 684 2112 certaminum
697 2062 962 2127 descriptio-

46 2127 79 2185 27
151 2143 288 2188 ‘nem
330 2122 564 2201 tantopere
604 2127 816 2183 studeret,
849 2145 963 2192 poe-

179 2202 276 2239 tam
295 2207 477 2239 movere
496 2205 634 2239 etiam
656 2191 808 2256 potuit
830 2208 964 2257 argu-

176 2255 323 2304 menti
359 2257 584 2312 sterilitas,
631 2256 683 2303 in
719 2272 773 2303 ea
812 2268 962 2304 tamen

178 2320 453 2368 narrationis
486 2333 631 2385 parte,
663 2337 752 2383 qua
786 2322 846 2377 ad
866 2321 963 2368 exi-

180 2395 277 2432 tum
299 2384 536 2432 festinabat
557 2385 654 2441 illa,
688 2386 774 2432 hoc
791 2387 869 2442 est,
904 2388 960 2433 ad

175 2442 364 2503 Italiam
404 2450 644 2498 recedebat
656 2450 962 2513 Trojanorum

176 2513 312 2563 clam.
367 2466 604 2577 fudiciam
625 2519 772 2579 poetae
802 2512 850 2562 in
874 2515 964 2562 hoe

177 2593 359 2642 qnoque
367 2578 557 2644 agnovit
565 2578 824 2641 Segraffius,
836 2579 962 2642 quod

234 2643 449 2698 auiffimis
485 2643 737 2698 affectibus,
796 2643 960 2708 quibus

173 2656 302 2762 ᾖα
341 2720 505 2772 quarto
556 2707 747 2774 legentis
785 2710 959 2756 animus

175 2770 456 2837 agitabatur,
489 2789 610 2820 nunc
648 2772 851 2820 succedit
888 2772 959 2820 hi-

177 2834 320 2885 larior
364 2853 515 2886 rerum
555 2835 715 2893 faeie&
748 2836 961 2885 ludorum

168 2899 410 2970 §divitas
442 2901 742 2958 certaminum
774 2915 962 2951 eventus

168 2977 241 3022 ,u,
279 2966 541 3022 {mictum
561 2968 769 3014 varietas.

332 3043 485 3082 autem
505 3030 555 3078 in
575 3031 789 3079 ludorum
811 3029 959 3079 omni-

178 3094 592 3162 meogisstionem
605 3095 830 3145 incideret
849 3098 962 3160 poe-

177 3170 239 3217 η
259 3158 271 3169 ”
319 3162 338 3168 “’
374 3159 513 3215 λιιι,
546 3158 693 3207 facere
725 3159 844 3208 forte
876 3176 960 3223 po-

170 3222 271 3282 ntit
390 3267 393 3279 ,
432 3224 488 3280 is,
533 3223 682 3272 herois
722 3221 959 3289 indigetis,

175 3287 461 3365 merloti&
483 3288 566 3363 qui
586 3289 635 3337 in
657 3287 714 3338 iis
733 3289 867 3346 locis,
901 3290 960 3335 ad
991 3299 993 3302 ’

173 3359 280 3416 φῶ
315 3353 514 3416 Trojam
554 3353 836 3417 appulerant,
869 3353 961 3401 cla-

178 3427 287 3474 ω
300 3445 302 3448 <
315 3417 530 3491 pugilatu
560 3434 723 3467 nomen
746 3415 958 3465 habebat.

174 3481 786 3613 memmi?
802 3493 963 3611 ²2:32³}

1051 446 1222 511 primus
1251 446 1450 510 vidiffet,
1502 447 1627 496 ad
1664 436 1724 490 «ἷῖ

1044 512 1241 565 carnus
1271 512 1488 564 honorem
1522 511 1586 561 ab
1623 496 1828 578 ‘'‘ugusto

1039 575 1223 625 ¹habitos
1270 574 1523 640 Virgilium
1552 592 1554 594 ’
1576 577 1827 643 respexisse.

1047 636 1227 689 Verum¹
1240 650 1287 689 et
1316 640 1438 690 idem
1459 640 1576 689 illud
1599 659 1831 691 commen·

1046 718 1148 758 tum
1158 705 1252 768 jam
1271 724 1299 757 a
1318 705 1830 756 veteribuscommenta-

1031 767 1223 819 ,toribus
1242 766 1333 821 fixit
1343 770 1548 827 allatum,
1559 782 1611 819 et.
1621 771 1696 821 feu
1711 771 1832 825 affir-

1047 833 1206 881 mandi
1225 833 1299 882 seu
1319 833 1516 899 negandi
1536 837 1699 883 cauffas
1721 835 1828 884 ido-

1045 914 1148 946 neas
1188 899 1513 947 habetnullas.
1579 900 1830 950 Enimvero

1045 962 1106 1009 ab
1129 962 1335 1012 Homero
1367 963 1476 1012 inde
1508 965 1657 1013 nullus
1690 966 1827 1015 facile

1043 1025 1134 1074 fuit
1227 1032 1320 1082 eta,
1352 1029 1433 1092 qui
1464 1046 1556 1077 non
1588 1047 1830 1095 argumen-

1046 1100 1143 1139 tum
1199 1108 1255 1139 oc
1278 1093 1336 1140 ad
1359 1093 1545 1142 istorum
1567 1094 1826 1154 hominum,

1047 1154 1317 1204 Graecorum
1368 1157 1597 1222 inprimis,
1651 1160 1829 1209 animos

1047 1227 1099 1266 a‘c
1133 1219 1279 1269 sensus
1308 1221 1696 1284 jucundiffimum,
1757 1237 1826 1274 at·-

1045 1283 1255 1348 tingeret.
1321 1286 1377 1334 In
1418 1286 1595 1335 Graecis
1638 1289 1826 1354 quidem

1046 1349 1193 1410 poetis
1224 1350 1472 1413 deperditis
1505 1353 1634 1416 plura
1670 1355 1822 1419 hujus-

1046 1413 1174 1460 modi
1209 1416 1471 1472 certamina‚
1503 1416 1624 1464 ludis
1666 1420 1826 1483 praeci-

1044 1492 1132 1540 pue
1150 1477 1439 1536 'funebribuS,
1472 1481 1599 1528 fuiffe
1619 1487 1825 1539 trastata,

1045 1542 1118 1587 vel
1171 1558 1227 1588 ex
1292 1543 1488 1610 Hygino
1557 1547 1718 1605 discas,
1783 1550 1823 1598 f.

1044 1605 1373 1655 CCLXXIII.
1456 1609 1667 1674 Inprimis
1723 1613 1825 1663 ludi

1044 1669 1253 1718 funebres
1292 1672 1341 1719 in
1380 1675 1574 1724 Achillis
1604 1679 1823 1728 honorem

1043 1750 1069 1779 a
1093 1735 1295 1783 Thetide
1328 1737 1523 1788 instituti
1545 1743 1699 1792 nobile
1721 1743 1825 1791 fue-

1042 1812 1147 1847 runt
1167 1815 1499 1864 argumentum,
1530 1823 1577 1855 v.
1598 1807 1755 1870 Odyff.
1773 1833 1823 1867 ω,

1044 1865 1071 1909 8
1076 1881 1102 1928 5
1127 1864 1246 1930 sqq„
1262 1868 1387 1930 quod
1408 1884 1455 1914 re
1514 1870 1646 1921 titum
1668 1873 1823 1922 videas

1041 1944 1067 1973 a
1089 1927 1270 1995 Qinto
1308 1931 1411 1981 Cal.
1439 1886 1533 1992 Ιρδ,
1573 1955 1662 1986 110
1701 1938 1821 2005 sqq„

1040 1993 1153 2057 saepe
1173 1995 1295 2043 idem
1318 2011 1612 2049 memoratum
1632 2002 1682 2051 in
1703 2005 1825 2052 Tra..

1043 2057 1177 2121 gicis.
1259 2063 1629 2125 Argonautarum
1672 2082 1819 2117 certa-

1043 2122 1168 2170 mina
1200 2141 1247 2174 v.
1290 2126 1339 2174 in
1379 2126 1596 2191 Orphicis
1636 2148 1692 2197 57
1700 2150 1727 2198 5·
1753 2135 1821 2199 sq.

1046 2185 1194 2244 Hinc,
1260 2189 1531 2242 Graecorum
1581 2202 1821 2259 poetarum

1041 2254 1267 2318 exempIO,
1289 2254 1488 2304 Romani
1500 2276 1679 2323 quoque
1698 2263 1820 2312 hunc

1044 2318 1343 2367 certaminum
1375 2321 1526 2369 locum
1546 2326 1697 2388 paffim
1721 2344 1821 2377 car-

1043 2381 1243 2430 minibus
1259 2382 1348 2432 suis
1367 2384 1676 2447 intexuerunt,
1710 2388 1825 2441 Vir.

1041 2445 1147 2510 gilii
1185 2449 1382 2496 maxime
1415 2451 1621 2512 judicio3
1677 2455 1821 2521 inpri-

1043 2510 1131 2558 mis
1175 2511 1315 2560 Silius
1351 2513 1488 2570 XVI,
1526 2532 1616 2582 249
1643 2519 1741 2585 sqq.
1776 2536 1822 2571 et

1044 2574 1214 2624 Statius
1249 2577 1402 2627 Theb.
1443 2579 1529 2629 lib.
1571 2582 1661 2639 VI,
1707 2602 1822 2649 quos

1042 2655 1147 2687 cum
1162 2640 1365 2707 Virgilio
1386 2644 1681 2710 Homeroque
1695 2665 1821 2699 com·

1037 2706 1202 2767 paraffe
1241 2722 1333 2754 non
1374 2709 1634 2772 poenitebit,
1687 2714 1820 2772 simul

1039 2782 1092 2815 ut
1124 2768 1371 2834 intelligas,
1403 2789 1539 2837 quam
1572 2792 1731 2839 parum
1768 2779 1819 2835 in

1041 2838 1173 2896 poeta
1211 2850 1279 2881 ars
1314 2835 1405 2884 fine
1440 2838 1633 2903 ingenio
1652 2845 1820 2903 valeat,

1040 2909 1086 2944 et
1128 2915 1263 2963 quarn
1299 2898 1462 2965 iniqua
1500 2904 1593 2965 ejus
1631 2905 1722 2955 sors
1744 2906 1819 2970 fit,

1039 2962 1143 3026 qui,
1175 2979 1280 3011 cum
1300 2964 1402 3012 aliis
1426 2980 1557 3015 aetate
1577 2973 1820 3021 anteriori-

1039 3026 1123 3074 bus
1175 3027 1401 3083 succedat,
1467 3031 1517 3078 in
1581 3036 1820 3098 angustum

1038 3091 1308 3140 imitationis
1336 3094 1494 3145 orbem
1514 3095 1648 3146 semel
1668 3101 1711 3148 se
1731 3099 1820 3148 im-

1039 3155 1227 3204 miserit.
1290 3156 1348 3206 In
1379 3157 1552 3208 summa
1576 3178 1721 3213 rerum
1743 3182 1822 3215 co-

1038 3221 1116 3294 pia
1152 3237 1330 3296 pauper.
1352 3235 1398 3272 et
1431 3224 1610 3288 jejunus
1636 3229 1697 3276 est
1720 3230 1819 3279 Sta-

1039 3299 1147 3334 tius.
1209 3286 1430 3351 Spiritum
1468 3290 1703 3353 poeticum
1748 3307 1821 3343 at-

1040 3350 1148 3397 terit
1190 3348 1240 3397 in
1274 3350 1470 3401 exilibus
1511 3359 1785 3407 ornamentis
1797 3379 1817 3417 ς

1037 3431 1154 3480 quae,
1204 3415 1285 3483 etii
1321 3427 1369 3463 et
1404 3416 1499 3483 ipsa
1537 3421 1816 3495 voluptatem

1036 3479 1248 3536 afferunt,
1281 3491 1432 3529 tamen
1460 3483 1818 3542 carminissum-

1035 3561 1111 3594 ma
1132 3560 1292 3610 parum
1315 3545 1522 3599 delestat.
1567 3552 1569 3555 ’
