2294 4030
681 301 819 363 AD
887 301 1313 365 LIBRUM
1378 304 1486 364 vl.
1785 313 1907 393 ⁸13

264 461 434 519 XVII,
467 462 636 512 LXVI
657 462 782 528 sqq.)
803 462 1006 512 Rinaldo
1023 465 1268 530 progenies
1291 465 1564 532 fortunaque
1581 466 1743 517 domus
1768 467 1905 517 Ates-

265 537 376 587 tinae
397 539 562 600 clypeo
574 537 800 602 insculpta
817 537 876 586 ab
893 539 1083 587 eremita
1106 540 1351 589 exhibetur
1369 560 1385 598 ;
1429 543 1552 606 quod
1582 544 1907 593 adumbratum

264 618 389 666 forte
407 614 470 661 est
491 629 551 660 ex
572 615 731 662 AEneae
750 614 916 676 clypeo
935 612 1015 661 lib.
1040 614 1167 662 VIII
1193 615 1299 662 AEn.
1336 659 1338 662 ,
1368 615 1475 664 Nec
1510 618 1704 666 multum
1729 617 1906 669 abludit

265 686 430 750 Ariff
452 687 604 735 anoin
621 687 727 734 10c0
747 686 976 744 (oriundo
995 689 1166 750 suriest
1190 688 1331 736 cant.
1356 679 1762 752 XXX111‘)ratio‚
1795 709 1904 752 nam

264 760 388 810 bella
408 775 446 809 a‘
460 762 612 810 Gallis
629 762 678 809 in
701 761 836 809 Italia
857 761 1062 825 gerenda
1090 762 1139 809 in
1174 763 1350 827 pariete
1386 767 1580 814 Merlini
1602 780 1700 816 arte
1719 769 1906 834 magica

263 833 448 900 depicta
470 837 785 885 Bradamantis
802 835 991 883 heroina
1008 836 1237 900 adspicit;
1273 838 1472 900 ejusdem
1499 842 1693 890 Merlini
1724 855 1822 890 arte
1853 844 1905 893 in

263 910 425 960 Fontis
446 910 698 959 marmorei
719 909 948 974 sculptura
978 911 1158 975 (Canto
1182 912 1373 969 XXVI,
1399 914 1565 978 XXX)
1606 918 1644 965 F
1650 918 1843 966 rancisci
1859 919 1903 974 Ι,

264 983 528 1034 Galliarum
546 986 712 1049 Regis.
746 985 796 1032 in
813 985 996 1034 ltaliam
1019 985 1257 1050 expeditio
1281 990 1423 1036 efficta
1442 993 1536 1047 est;
1583 1006 1629 1040 et
1669 994 1760 1041 alio
1798 996 1903 1043 loco

270 1060 376 1122 (sub
417 1060 449 1108 f.
476 1061 617 1109 Cant.
661 1060 893 1114 XXXIV,
948 1072 996 1108 et
1037 1064 1175 1109 Cant.
1219 1064 1458 1126 XXXV),
1494 1067 1604 1115 dum
1650 1070 1903 1119 Parcarum

260 1134 470 1183 manibus
511 1137 706 1183 tractata
742 1136 914 1183 vellera
935 1135 983 1182 in
1009 1137 1191 1185 Lethen
1215 1138 1511 1203 sparguntur,
1545 1143 1604 1191 de
1640 1146 1904 1211 Hippolyto

261 1209 470 1257 Atestino
493 1209 730 1274 praediffio
746 1209 851 1257 satis
869 1209 1107 1273 ingeniose
1126 1211 1427 1278 subjungitur.
1498 1214 1705 1279 Triffi'nus
1725 1220 1902 1279 (Italia

258 1282 448 1343 liberata
467 1286 542 1332 da’
566 1286 700 1344 Goti)
725 1285 867 1338 etiarn
887 1284 1006 1332 binis
1030 1286 1143 1333 locis
1169 1287 1374 1336 historias
1408 1291 1691 1355 sequentium
1714 1307 1901 1360 tempo-

261 1375 365 1408 rum
381 1360 580 1408 intexuit
595 1360 793 1408 carmini
808 1378 823 1415 3
857 1360 1060 1423 primum
1088 1361 1189 1420 (lib.
1209 1362 1303 1423 IX)
1336 1365 1571 1415 Belisarius
1596 1370 1835 1418 eremitam
1851 1370 1903 1418 in

211 1496 216 1500 Ι
264 1434 434 1481 Monte
455 1434 683 1482 Cafinenfi
702 1434 818 1488 adit,
853 1450 880 1480 a
902 1450 994 1498 quo
1017 1435 1237 1497 speluncae
1258 1436 1451 1487 inclusus
1484 1458 1607 1489 novo
1629 1443 1711 1496 vifi
1734 1461 1906 1507 genere

259 1510 310 1558 in
326 1510 496 1559 collem
517 1509 614 1573 rapi
639 1509 721 1556 fibi
748 1508 953 1562 videtur,
986 1510 1035 1556 in
1059 1526 1152 1573 quo
1175 1511 1389 1575 utrinque
1422 1514 1653 1577 speculum
1686 1518 1776 1565 sole
1799 1536 1901 1566 ma-

153 1639 156 1642 *
252 1588 349 1651 jus,
382 1604 410 1635 a
450 1587 564 1634 laeva
591 1603 661 1634 res
699 1587 974 1650 praeteritas,
1014 1603 1041 1633 a
1079 1587 1245 1634 dextra
1280 1588 1471 1643 futura3‚
1508 1592 1650 1640 oculis
1685 1593 1867 1654 subjicit
1880 1613 1898 1651 ς

256 1663 448 1728 Angelo
462 1662 707 1710 Herminio
724 1679 779 1710 ac
793 1663 936 1724 patris
953 1664 1116 1711 umbra
1131 1662 1478 1727 interpretibus.
1549 1668 1783 1715 Exornata
1800 1670 1901 1718 sunt

256 1738 416 1788 omnia
437 1755 522 1803 per
534 1740 733 1802 perstmas
750 1737 1037 1802 symbolicam
1089 1755 1285 1802 quarum
1317 1739 1508 1788 studium
1548 1742 1771 1791 summum
1798 1758 1902 1793 erat

261 1813 436 1866 saeculis
468 1812 794 1875 superioribus,
827 1812 1039 1876 inprimis
1075 1812 1198 1860 inter
1226 1814 1389 1868 Italos,
1427 1816 1668 1864 Platonicae
1702 1819 1901 1880 philoso-

256 1888 381 1953 phiae
401 1903 559 1936 amore
581 1898 628 1934 et
650 1886 820 1935 Dantis
844 1889 1057 1951 exemplo
1079 1906 1091 1942 ;
1126 1889 1293 1952 Itaque
1316 1888 1396 1936 sub
1420 1890 1527 1938 vitae
1545 1892 1704 1939 futurae
1723 1893 1766 1940 in
1774 1895 1900 1957 gres-

260 1960 358 2010 sum
383 1964 546 2015 Error,
581 1961 869 2025 Ignorantia,
904 1961 1111 2016 Veritas,
1146 1962 1306 2017 Ratio,
1340 1963 1529 2028 aliaeque
1559 1968 1713 2015 multae
1736 1969 1901 2016 Virtu-

259 2054 331 2090 tes
353 2053 402 2089 et
416 2038 568 2093 Vitia,
603 2039 733 2086 Bona
747 2050 794 2086 et
818 2029 970 2092 Mala,
1005 2039 1249 2087 excubant.
1319 2040 1398 2087 Ad
1429 2058 1500 2088 res
1523 2044 1776 2104 praeteritas
1800 2046 1903 2093 adi-

259 2114 551 2165 tumfaciunt
586 2124 679 2161 tres
714 2125 881 2177 portae,
914 2130 1109 2176 quarum
1128 2130 1261 2161 unam
1284 2113 1456 2162 Cadmi
1476 2116 1577 2163 filiae
1600 2129 1756 2166 tenent
1795 2137 1902 2168 cum

261 2189 391 2242 Poe’fi
413 2201 460 2236 et
477 2188 699 2243 Historia,
732 2189 923 2237 alteram
940 2190 1132 2242 Fabula,
1167 2190 1353 2237 tertiam
1373 2191 1613 2255 Sculptura
1636 2205 1683 2241 et
1702 2194 1914 2246 Pictura.

258 2265 341 2313 Ad
377 2282 448 2313 res
482 2264 657 2311 futuras
692 2277 846 2311 autern
886 2277 1047 2328 patent
1072 2276 1216 2328 portae
1240 2264 1333 2319 sex,
1369 2282 1483 2329 quas
1508 2268 1761 2316 custodiunt
1786 2272 1899 2319 Pro-

255 2340 434 2405 phetia,
471 2338 731 2391 Somnium,
765 2337 947 2390 Mania,
986 2339 1269 2402 Astrologia,
1305 2339 1639 2388 Necromantia
1657 2356 1701 2388 et
1723 2344 1903 2391 Sortes.

261 2415 374 2470 Alio
394 2415 500 2462 loco
521 2413 623 2476 (lib.
650 2412 839 2475 XXIV)
849 2414 1019 2461 Narses
1044 2413 1154 2460 dum
1178 2415 1354 2468 Nurfiae
1372 2427 1595 2470 moratur,
1629 2435 1730 2480 quae
1753 2418 1799 2466 in
1818 2421 1904 2468 Sa*

258 2490 376 2540 binis
410 2489 515 2543 fuit,
566 2504 688 2536 nunc
718 2488 931 2537 Ducatus
969 2487 1208 2551 Spoletani
1237 2488 1343 2535 urbs
1380 2490 1459 2542 est,
1517 2489 1740 2554 Sibyllam
1786 2495 1900 2542 adit.

258 2567 338 2615 Est
357 2581 468 2613 vero
489 2564 539 2612 in
561 2562 725 2612 vicinis
749 2563 872 2611 urbis
890 2563 1004 2611 locis
1023 2563 1142 2610 inter
1162 2563 1341 2610 Montis
1365 2564 1568 2611 Victoris
1600 2565 1717 2630 juga
1749 2569 1899 2618 Lacus

260 2641 449 2705 Sibyllae
466 2640 613 2688 dictus
635 2655 743 2688 cum
765 2639 914 2701 specu.
982 2639 1143 2691 Viam,
1177 2655 1278 2702 quae
1301 2638 1358 2685 ad
1392 2638 1613 2701 Sibyllam
1647 2642 1794 2696 ducit,
1826 2647 1903 2692 or->

257 2716 390 2764 navit
411 2717 552 2780 poeta
575 2714 828 2778 symbolica
852 2714 959 2761 vitae
982 2715 1190 2762 humanae
1227 2713 1626 2776 repraesentatione
1655 2716 1898 2765 secundum

255 2792 545 2857 planetarum
570 2790 766 2841 circulos
781 2801 827 2837 et
849 2791 1081 2854 fignorum
1097 2790 1344 2837 coelestium
1369 2786 1467 2834 XII
1489 2789 1728 2839 rationem.
1795 2794 1900 2842 Ha..

255 2866 378 2916 bitat
401 2865 575 2928 Sibylla
592 2865 672 2914 sub
696 2865 988 2929 Capricorno
1019 2877 1067 2912 et
1092 2863 1299 2928 Aquario
1321 2882 1334 2918 ;
1365 2861 1411 2909 in
1431 2862 1526 2924 ejus
1547 2866 1721 2929 palatio
1744 2868 1899 2931 plures

253 2942 355 3000 sunt
378 2941 470 2990 oeci
492 2940 566 2990 seu
589 2933 828 2999 coenacula
861 2940 966 2988 satis
988 2939 1211 3004 spatiosa;
1246 2955 1441 3002 quorum
1471 2940 1671 3003 parietes
1693 2942 1898 3008 depictas

254 3017 479 3066 exhibent
501 3032 572 3063 res
595 3016 770 3074 futuras
795 3034 880 3080 per
901 3015 1145 3080 periodum
1179 3015 1380 3062 CMLX
1405 3030 1630 3064 annorum
1660 3018 1798 3066 certis
1822 3036 1896 3067 ra-

253 3092 458 3149 tionibus
481 3092 767 3158 astrologicis
791 3095 1031 3147 exactam3
1065 3089 1413 3139 succedentibus
1435 3090 1568 3138 novis
1591 3092 1751 3156 figuris
1766 3094 1896 3158 prio-

254 3165 402 3226 ribuS,
436 3183 537 3234 quae
548 3165 648 3228 jam
671 3179 889 3222 eventum
910 3184 1064 3214 rerum
1093 3166 1366 3221 habuerant.

283 3271 292 3283 -.
322 3240 449 3296 Cum
465 3236 690 3287 Italorum
712 3239 1011 3290 vetustiorum
1034 3237 1234 3286 inventis
1257 3237 1497 3301 figmenta,
1530 3253 1632 3301 quae
1665 3237 1715 3288 in
1752 3238 1897 3304 epicis

251 3314 408 3382 poi-Itis
425 3313 644 3380 Hispanis
662 3325 709 3362 et
727 3313 955 3363 Lusitanis
973 3324 1238 3366 occurrunt,
1257 3310 1504 3359 admodum
1522 3312 1799 3375 conspirare,
1836 3330 1895 3363 ex

253 3390 491 3447 Cervante
499 3389 570 3452 (in
585 3389 684 3438 Don
695 3391 915 3454 Qixote)
929 3387 1002 3435 sus
994 3386 1138 3451 picari
1154 3384 1307 3440 licuit,
1325 3397 1373 3432 et
1386 3401 1500 3433 vero
1517 3385 1658 3434 etiam
1672 3387 1895 3443 aDiezio,

250 3466 357 3530 vii-9
378 3463 627 3526 doffiffimo
648 3475 697 3517 et
714 3463 1000 3525 amicissimo,
1048 3459 1228 3534 accepi.
1283 3459 1415 3524 Inter
1435 3460 1549 3510 alios
1570 3460 1835 3520 nobiliffimi
1867 3478 1895 3518 e

1737 3551 1897 3594 recen-
