2294 4030
658 223 811 286 AD
871 222 1346 288 LIBRUM
1418 176 1490 287 v}
1790 228 1901 308 ὀμ

235 402 367 443 τῶνε,
381 403 438 436 ex
454 384 659 450 eostilieet
677 386 869 443 tuditan-1,
891 385 1001 452 quod
1021 386 1108 450 ejas
1124 381 1282 446 cotfilio
1302 382 1553 451 imptdstcque
1569 398 1720 435 matres
1742 383 1901 438 Troia-

256 478 331 517 θη
359 465 485 516 taedio
496 462 620 529 longi
649 482 742 510 na‘z
737 462 912 527 ·igi1i.(h
946 477 989 509 c.
1027 458 1349 528 navigationis)
1373 458 1534 525 clafflm
1554 460 1701 512 ibidem
1721 461 1908 514 incende-

256 542 370 594 rin'13
403 538 561 588 Greca
577 537 739 600 stilti-et
775 535 1069 600 appellatione,
1102 535 1192 587 ἀπὸ
1228 540 1284 582 τέ
1305 535 1451 590 καίειν,
1483 538 1593 600 quod
1604 540 1659 600 ςβ
1675 539 1903 586 incendere.

233 606 467 670 fraudem
503 610 628 663 fueoe
664 609 819 664 multi,
851 607 934 674 qui
973 609 1030 656 in
1044 606 1232 661 Tiberis
1266 607 1388 656 ostiis
1408 624 1541 658 naves
1561 609 1790 674 Trojanas
1811 600 1900 664 ali-

249 701 342 750 qua
360 687 510 742 Roma
529 688 709 742 auctore
730 685 979 735 combustas
1001 695 1251 743 narrarent,
1272 702 1372 750 quae
1393 684 1488 749 ipsa
1509 685 1612 735 urbi
1635 686 1798 735 Romae
1819 702 1901 735 no-

241 776 355 814 men
377 762 581 815 dediffet.
646 761 719 810 Ita
737 759 987 811 tradiderat
1009 760 1164 808 aue'tor
1184 775 1332 809 rerum
1357 759 1630 824 Argivarum
1650 759 1899 811 secundum

245 833 552 895 faeadotum,
573 854 675 901 quae
693 835 835 900 Argis
856 848 1003 892 erant,
1025 849 1183 889 ann08,
1204 826 1676 899 Damastes'Sigeenfis
1693 836 1862 900 aliique
1874 853 1890 892 3

243 919 311 968 et,
324 925 602 975 quamquam
622 910 673 959 in
693 908 869 958 caeteris
889 908 1107 964 diversus,
1133 907 1398 955 Aristoteles
1419 924 1492 973 ap.
1529 907 1725 972 Dionys.
1746 901 1789 967 1²,
1812 927 1892 975 72.

243 980 612 1048 Hoswscriptores
633 984 843 1050 sequutus
860 983 920 1030 est
945 982 1212 1031 Plutarchus
1233 981 1282 1029 in
1307 981 1508 1029 Romulo
1529 999 1598 1046 pr.
1632 994 1678 1030 et
1700 983 1759 1032 de
1779 984 1893 1034 Mu-

235 1055 404 1113 lierum
426 1058 601 1108 Virtut.
636 1075 731 1107 non
749 1059 888 1122 louge
909 1074 938 1104 a
965 1073 1057 1121 pr„
1095 1068 1141 1103 et
1160 1055 1279 1105 inter
1296 1055 1476 1103 eosdem
1499 1056 1589 1104 fuit
1615 1056 1890 1107 Heraclides

235 1130 451 1188 Iambus.
481 1149 530 1184 v.
563 1131 713 1182 Solin.
738 1149 782 1182 c.
811 1149 853 1182 1.
921 1130 1070 1180 Festus
1090 1131 1139 1178 in
1162 1133 1338 1180 Romam
1359 1147 1465 1196 pag.
1506 1148 1620 1196 455,
1654 1129 1734 1180 ubi
1758 1133 1887 1185 conf.

233 1205 358 1259 Dae.

672 1351 1258 1402 EXCURSUS
1326 1352 1442 1402 VII.

694 1463 1001 1541 Epg'sodium
1030 1464 1093 1520 de
1123 1463 1402 1522 Palinuro,

182 1619 183 1623 ,
291 1575 360 1635 V,
383 1580 422 1626 8
427 1595 453 1641 3
461 1594 485 1640 3
508 1579 610 1644 sqq.
645 1579 695 1627 Si
713 1593 903 1643 quaeras‚
926 1577 1039 1641 quid
1062 1583 1198 1641 po‘e'ta
1219 1576 1426 1640 episodio
1450 1577 1537 1625 hoc
1561 1577 1620 1626 de
1643 1576 1875 1635 Paulinum,

223 1652 351 1715 quod
388 1669 414 1700 a
437 1652 502 1701 rei
537 1653 710 1701 summa
732 1652 930 1700 alienum
952 1650 1099 1698 videri
1121 1652 1281 1715 potest,
1304 1650 1583 1715 spefiaverit,
1623 1668 1649 1698 a
1671 1651 1879 1699 doch-ina

137 1788 145 1793 ,
219 1730 372 1790 poetae
390 1727 481 1774 tale
497 1727 738 1774 confilium
762 1722 1056 1788 repetendum
1078 1723 1162 1769 effe
1184 1722 1386 1777 videtur,
1408 1723 1534 1787 quod
1558 1722 1761 1772 Palinuri
1783 1740 1877 1771 me-

217 1801 367 1849 moria
403 1800 454 1848 in
488 1800 635 1849 Italiae
673 1801 1073 1861 Trojanorumque
1110 1795 1170 1843 ad
1203 1813 1302 1845 eam
1339 1798 1529 1845 accessus
1551 1798 1807 1864 originibus
1828 1811 1875 1847 et

203 1872 420 1923 {historiis
458 1891 551 1922 non
573 1887 669 1922 erat
691 1872 912 1929 obscura;
950 1870 1269 1936 promontorio
1290 1870 1449 1927 etiam,
1489 1872 1547 1919 ab
1567 1874 1662 1936 ejus
1683 1873 1872 1922 nomine

201 1947 454 2014 {infignitm
476 1949 535 1996 ad
558 1948 703 1996 smum
719 1945 999 2001 Veliensem,
1021 1944 1211 1993 celebris
1223 1964 1238 2001 ς
1258 1961 1352 1992 rem
1386 1945 1541 2010 itaque
1560 1947 1664 1993 satis
1688 1965 1865 1996 memo-

204 2023 635 2083 rabilemomittere
655 2021 806 2071 noluit
822 2030 837 2079 ς
853 2020 1039 2085 eamque
1059 2020 1144 2075 lib.
1162 2019 1260 2078 V1-‚v
1280 2038 1305 2084 3
1314 2038 1370 2087 37
1394 2021 1492 2085 sqq.
1513 2022 1717 2080 inseruit,
1742 2041 1866 2074 nunc

153 2149 159 2152 .
204 2099 483 2164 praestruxit.
548 2100 637 2146 Sed
658 2099 816 2146 eadem
838 2094 1098 2161 narrati-oue
1121 2111 1240 2143 nunc
1259 2096 1502 2142 commode
1522 2102 1660 2160 poeta
1682 2098 1782 2145 usus
1802 2099 1865 2148 est

205 2173 271 2221 'ad
296 2190 445 2223 rerum
477 2174 761 2228 varietatem,
796 2188 854 2219 ne
873 2182 1074 2218 extrema
1093 2164 1403 2233 navigationis
1424 2186 1523 2233 pars
1538 2182 1584 2217 et
1607 2174 1814 2234 trajectus
1834 2188 1862 2219 e

206 2247 409 2298 Sicilia
395 2266 445 2296 m
462 2248 644 2296 Italiam
667 2246 794 2294 omni
817 2241 922 2293 casu
945 2251 1141 2292 vacaret.
1185 2243 1421 2289 Tandem
1443 2259 1607 2290 novam
1628 2246 1695 2292 rei
1714 2247 1864 2294 suavi-

204 2335 345 2374 tatem
368 2322 620 2371 Homerica
661 2319 922 2370 imitatione
957 2318 1300 2391 affudit331am
1339 2317 1498 2380 Odyff.
1538 2340 1588 2378 γ,
1630 2325 1723 2386 278
1760 2321 1859 2387 sqq.

202 2397 418 2456 Phrontis
429 2394 641 2490 Menelai
662 2392 974 2470 gubernator
961 2408 1015 2440 m·
1029 2373 1195 2455 medio¹¹
1203 2392 1336 2439 cursu
1358 2391 1550 2490 occidit.

432 2511 450 2581 ἑ
606 2538 1220 2593 EXCURSUS
1287 2539 1427 2592 vm.

504 2632 785 2715 Somnus
812 2630 1132 2691 Palmurum
1161 2631 1513 2708 opprimens.¹

207 2750 328 2811 V,
361 2755 389 2802 8
395 2755 454 2815 38
488 2750 556 2816 sq'.
591 2742 703 2800 Cum
723 2749 833 2799 levis
852 2746 1036 2797 aeth'ert'is
1055 2746 1243 2812 delapsus
1271 2735 1444 2798 Somnus
1477 2747 1547 2796 ab
1570 2750 1694 2812 qstrt‘s
1722 2748 1848 2797 Aera

190 2829 369 2879 dimovit
387 2826 634 2891 tenebrosum
654 2839 696 2873 et
715 2824 881 2890 dspul1t
896 2823 1084 2880 umbras,
1106 2821 1169 2870 Te
1191 2824 1299 2872 Pali
1281 2843 1400 2871 mure
1412 2835 1572 2885 petens,
1594 2823 1676 2871 tibi
1708 2837 1766 2870 tr
1750 2827 1844 2886 stta

175 2910 343 2970 spania
353 2917 542 2968 portans.
610 2902 813 2967 Operose
830 2901 934 2948 satis
955 2917 1060 2966 pro,
1098 2901 1295 2949 Somnus
1315 2899 1496 2946 devolat
1513 2903 1632 2947 aere.
1699 2898 1844 2947 Anti..

197 2978 332 3044 quior
352 2978 449 3026 haec
485 2976 645 3025 Somni
668 2975 926 3023 advocandi
947 2976 1084 3031 ratio,
1120 2973 1491 3038 quandoquidem
1512 2972 1633 3037 apud
1657 2972 1841 3022 Home-

194 3068 296 3102 rum
318 3051 497 3117 Jupiter
513 3051 571 3100 de
591 3051 796 3114 Olympo
819 3049 1038 3097 Somnum
1056 3047 1199 3097 mittit
1211 3047 1349 3094 Iliad.
1366 3050 1418 3103 β,
1442 3045 1472 3092 6
1495 3046 1593 3109 sqq.
1660 3045 1841 3110 Qam-

193 3139 330 3191 quam
350 3125 410 3174 ab
428 3128 548 3190 astris
570 3122 837 3188 {impliciter
857 3121 1005 3185 accipi
1026 3121 1166 3183 potest
1188 3119 1328 3167 etiam
1361 3120 1419 3167 de
1441 3118 1708 3178 advolante3
1745 3137 1840 3185 quo

191 3199 349 3249 Burin.
389 3198 582 3264 speclare
615 3197 816 3246 videtur.
883 3195 1102 3245 ornatior
1121 3194 1201 3242 illa
1223 3194 1340 3241 ratio
1360 3194 1482 3258 apud
1503 3192 1745 3241 Tibullum
1768 3192 1838 3251 II,

197 3290 219 3324 ι
261 3286 398 3329 extr„
433 3283 486 3319 ut
523 3271 578 3319 in
613 3271 780 3319 Noctis
801 3269 1025 3318 comitatu
1046 3269 1125 3316 ille
1158 3267 1339 3315 incedat
1359 3283 1439 3331 per
1457 3267 1646 3317 caelum:
1692 3285 1741 3317 v.
1763 3267 1834 3317 ib.

188 3347 309 3398 Not.
373 3347 441 3395 At
461 3345 543 3395 alii
564 3350 731 3411 po'e'tae,
752 3343 982 3392 variandae
1003 3341 1068 3390 rei
1084 3353 1130 3389 et
1152 3341 1336 3405 majoris
1350 3341 1656 3390 delectationis
1667 3342 1835 3399 cauffa,

184 3404 327 3478 niodo
357 3421 410 3472 in
436 3419 615 3478 inferis,
652 3419 794 3469 modo
830 3417 882 3468 in
913 3417 1046 3483 specu
1084 3416 1143 3464 ad
1177 3415 1306 3467 littus
1325 3415 1502 3467 Oceani
1520 3416 1842 3536 occidentaliis,

1692 3505 1768 3538 mo
1802 3504 1836 3538 o
