2294 4030
442 325 574 420 2758

695 330 761 391 P.
807 321 1277 389 VIR'G‘ILLI
1338 319 1830 384 MARONIS

459 479 790 542 Concordes
819 477 1033 538 animae
1061 487 1237 559 nunc,
1266 489 1324 533 et
1347 474 1495 535 'dum
1516 476 1687 536 nodie
1714 489 2080 557 prementur,

446 591 604 673 -I-Ieu.
624 603 910 668 quantum
939 587 1091 646 inter
1119 585 1175 644 se
1204 585 1451 659 bellum,
1487 587 1530 646 fi
1559 588 1788 650 lumina
1816 591 1956 650 vitae

455 703 814 783 Adtigerint,
834 715 1075 779 quantas
1092 698 1246 771 acies
1266 699 1636 781 stragemque
1654 695 1926 764 ciebunt!
1964 707 2081 782 830

454 816 790 897 Aggeribus
816 815 973 873 socer
996 812 1238 892 Alpinis
1267 827 1443 892 atque
1469 834 1603 876 arce
1634 818 1914 882 Monoeci

442 928 826 999 Descendens
849 956 865 994 ;
921 943 1103 1003 gener
1130 922 1378 982 adverfis
1409 923 1720 984 instruitus
1747 926 1918 988 Eois,-

449 1042 517 1101 N
521 1062 569 1112 e,
596 1037 780 1118 pueri,
808 1054 880 1092 ne
909 1049 1067 1091 tanta
1094 1033 1306 1092 animis
1336 1034 1658 1096 adsuescite
1684 1037 1878 1099 bella:

450 1153 587 1213 Neu
616 1149 822 1229 patriae
852 1145 1074 1204 validas
1105 1147 1165 1203 in
1194 1145 1416 1204 viscera
1445 1144 1654 1226 vertite
1682 1147 1855 1206 vires,

507 1311 600 1354 828.
650 1322 683 1352 et
709 1326 799 1351 nunc
817 1311 899 1350 dum
937 1309 1000 1348 ed.
1037 1308 1144 1348 Ven.
1195 1317 1401 1361 prementur
1419 1319 1440 1345 e
1461 1306 1567 1346 Pier.
1598 1315 1638 1346 et
1666 1306 1771 1347 binis
1796 1305 1873 1347 suis
1891 1301 2075 1345 Heinsiu-

448 1378 611 1430 recepit.
667 1375 834 1414 Accedit
868 1373 1028 1412 Zulich.
1084 1371 1222 1424 Vulgo
1253 1382 1480 1426 premuntur,
1519 1371 1627 1423 quod
1644 1370 1745 1411 bene
1762 1379 1919 1424 poterat
1937 1369 2072 1408 locum

450 1438 767 1489 tueri.-—829.
796 1438 915 1476 limina
933 1436 1006 1477 sec.
1031 1435 1224 1474 Rottend.
1262 1436 1386 1473 Witt.
1406 1433 1512 1483 Erf.,
1543 1429 1736 1488 perpetua
1751 1434 1959 1475 varietate.
1985 1432 2071 1472 vid·

449 1505 489 1544 h.
514 1504 539 1543 l.
570 1503 705 1542 Heins.
726 1510 763 1539 et
786 1502 922 1539 Burni.
956 1513 1000 1538 ac
1021 1499 1162 1538 Cerda.
1221 1498 1298 1538 Sed
1336 1498 1374 1538 h.
1398 1498 1424 1537 l.
1451 1500 1584 1539 lumina
1615 1499 1732 1538 unice
1765 1513 1885 1548 vera3
1915 1510 2010 1538 nam
2029 1506 2071 1537 et

450 1569 537 1621 plus
557 1565 761 1619 dignitatis
774 1564 894 1616 epicae
909 1563 1021 1611 inest,
1035 1571 1074 1603 et
1091 1562 1336 1615 praecefferat
1352 1576 1362 1602 ε
1385 1569 1489 1603 nobie.
1522 1594 1523 1597 ,

1603 1562 1695 1613 830.
1713 1565 1927 1618 Attigerunt
1938 1561 2050 1602 Goth
2057 1589 2069 1602 .

447 1639 542 1669 tert.
600 1632 736 1684 quantis
764 1636 855 1666 tert.
877 1626 1070 1666 Rottend.
1116 1626 1322 1682 stragesque
1343 1626 1518 1679 quinque
1533 1627 2074 1677 Burm.—-831.⁴Menoeci,

448 1697 615 1741 Menaeti,
646 1694 796 1738 Moneti‚
821 1694 975 1739 Moneci,
1001 1693 1169 1739 Minoeci,
1186 1694 1344 1739 Monete,
1369 1691 1557 1730 aberratt.
1580 1691 1695 1731 codd.
1753 1693 1813 1730 At
1843 1690 1898 1730 est
1925 1691 2071 1734 Moroa'me⁴

447 1756 766 1810 aqam—832.
795 1757 980 1810 Discedens
1001 1757 1146 1808 Puget.
1198 1757 1334 1808 avesfis
1356 1756 1504 1796 Medic.
1528 1768 1617 1794 arn.
1638 1768 1698 1807 pr.
1728 1761 1772 1796 et
1784 1754 1915 1800 Leid„
1934 1755 2070 1807 inquo

444 1823 602 1866 mireris
619 1819 828 1858 Heinfium
847 1819 975 1858 otium
1002 1820 1180 1871 perdere.

1292 1820 1382 1870 833.
1412 1821 1585 1860 adnefflte
1603 1821 1745 1872 Puget.
1860 1819 1955 1870 834.
1983 1822 2066 1860 Heu

445 1887 572 1929 Goth,
602 1897 677 1938 pr„
703 1891 742 1922 et
761 1883 941 1923 invalidas
961 1882 1082 1921 idem.
1133 1896 1277 1924 vertere
1296 1883 1502 1924 Montalb.

443 2023 554 2076 pote
609 2023 795 2075 uterque
848 2010 1095 2056 Romanus.
1162 2023 1210 2056 v.

443 2077 616 2142 Georg.
642 2077 684 2132 Ι,
722 2082 832 2140 489.
888 2075 1061 2120 Lucan.
1080 2073 1122 2126 I,
1162 2088 1208 2136 7.

1291 2007 1459 2082 gstare,
1480 2009 1700 2083 Caesarem
1717 2008 1859 2074 ipsum
1871 2026 1955 2083 per
1969 2009 2067 2057 haec

1291 2074 1394 2119 loca
1408 2089 1455 2119 1n
1477 2073 1656 2121 Italiam
1674 2074 1963 2131 descendisse,
1986 2085 2064 2121 aut

437 2150 567 2198 mae,
601 2153 701 2188 ante
718 2140 954 2204 ingreffum
969 2138 1091 2193 vitae,
1112 2154 1211 2200 quae
1292 2137 1350 2183 ad
1364 2137 1560 2185 reditum
1574 2139 1760 2192 Caesaris
1769 2155 1826 2184 ex
1841 2138 2065 2202 Hispania

440 2206 572 2269 supra
603 2207 679 2253 lux
712 2216 805 2251 erat
827 2221 870 2251 v.
896 2204 1008 2267 761,
1031 2214 1074 2249 et
1095 2218 1207 2248 mox

438 2286 486 2317 V.
513 2273 602 2332 829
637 2270 796 2317 lumina
815 2275 938 2315 vitae.
976 2271 1081 2328 831.
1120 2266 1207 2327 Ju-

437 2334 525 2382 lius
546 2333 695 2382 Caesar
717 2335 764 2380 in
790 2332 1050 2396 Pompeium
1083 2347 1207 2378 arma

438 2400 646 2447 movebat
675 2415 699 2446 e
733 2396 916 2444 Galliis.
984 2396 1076 2443 Etfi
1099 2412 1206 2443 vero

441 2463 668 2511 Ravennae
696 2476 793 2509 tum
830 2461 1081 2509 subsistebat
1100 2477 1203 2507 cum

435 2542 524 2576 una
546 2527 739 2592 legione,
782 2539 950 2581 tamen,
988 2542 1091 2572 cum
1124 2541 1206 2571 cae-

436 2603 541 2640 terae
562 2593 759 2656 legiones
792 2607 848 2637 ex
881 2589 1083 2637 hibernis
1131 2592 1201 2653 (v.

434 2656 493 2704 de
516 2658 565 2704 B.
591 2657 697 2705 Civ.
721 2656 764 2710 I,
788 2660 855 2719 7),
890 2654 1091 2718 adeoque
1112 2670 1205 2701 ma-

431 2723 505 2782 jor
539 2739 593 2768 co
627 2722 768 2768 iarum
805 2737 904 2783 pars
943 2735 998 2766 ex
1042 2718 1199 2765 Gallia

434 2786 483 2831 T
485 2740 732 2849 ransaiipina
780 2785 884 2831 effet
937 2783 1202 2838 arcessenda,

434 2851 615 2914 augusta
635 2867 782 2898 rerum
823 2849 968 2913 specie
990 2847 1047 2895 ab
1067 2847 1201 2910 Alpi-

433 2912 517 2961 bus
565 2915 826 2962 descendere
876 2930 979 2961 eum
1034 2927 1199 2960 narrat.

435 2978 575 3042 Alpes
595 2979 788 3027 declarat
821 2995 897 3043 per
929 2996 1098 3042 aggeres
1119 2978 1199 3024 Al-

427 3051 546 3105 pinos
587 3055 633 3090 et
672 3065 807 3093 arcem
842 3045 1046 3096 Monoeci‚
1087 3041 1134 3089 h.
1156 3058 1198 3092 e·

434 3108 792 3170 promontorium
814 3124 916 3155 cum
954 3106 1124 3169 templo
1155 3118 1201 3154 et

432 3184 563 3234 portu
607 3173 817 3220 Herculis
850 3171 1077 3225 Monoeci,
1118 3169 1201 3218 sub

433 3236 627 3300 Alpibus
667 3237 905 3284 maritimis
939 3252 1031 3282 non
1064 3235 1201 3299 longe

420 3315 458 3345 ra
479 3300 637 3347 Nicaea
659 3301 779 3357 fitisffi
789 3302 867 3365 qui
886 3315 1004 3348 nunc
1026 3299 1200 3347 Monaco

429 3364 505 3411 est.
574 3365 785 3412 Alienum
821 3366 972 3430 itaque
1006 3364 1066 3411 est
1104 3380 1196 3410 non

430 3428 573 3492 magis
623 3429 680 3476 ab
732 3430 926 3477 historiae
990 3428 1197 3484 veritate,

1290 2201 1388 2249 haec
1418 2201 1598 2250 referre.
1667 2203 1770 2251 Nec
1792 2204 1949 2250 melius
1968 2219 2060 2251 rem

1287 2266 1473 2331 expedit
1515 2267 1811 2315 Burmannus.
1889 2267 2060 2315 Videas

1287 2342 1438 2378 tamen
1460 2331 1669 2380 audaster
1687 2333 1782 2379 haec
1801 2333 1850 2379 in
1863 2332 2060 2396 descrip-

1287 2395 1492 2443 tionibus
1513 2406 1559 2442 et
1593 2396 1791 2445 historiis
1829 2396 1972 2444 Italiae
1990 2414 2061 2444 re-

1285 2459 1379 2523 peti
1405 2465 1466 2522 (v.
1491 2476 1534 2508 c.
1600 2462 1718 2525 Obffi
1751 2465 1838 2523 sur
1867 2462 1908 2509 l’
1930 2461 2063 2511 Italic

1286 2525 1348 2572 T.
1371 2525 1466 2582 III,
1486 2540 1589 2590 pag.
1612 2531 1746 2588 282),
1767 2538 1811 2573 et
1823 2526 2060 2576 monstrari

1284 2588 1446 2637 turrim
1488 2590 1617 2653 super
1660 2602 1811 2639 monte
1858 2591 2059 2646 Turbia,

1283 2670 1370 2716 qua
1391 2653 1574 2702 tranfitu
1589 2654 1708 2703 fasto
1733 2655 1882 2705 Caesar
1899 2655 1986 2703 iter
2006 2655 2057 2707 in

1280 2717 1461 2766 Italiam
1483 2718 1723 2776 clauserit;
1759 2737 1896 2786 quam
1932 2721 2056 2767 Tro-

1280 2798 1478 2845 paeorum
1492 2784 1693 2848 Augusti
1709 2786 1857 2833 ruinas
1875 2784 1959 2833 aliie
1973 2784 2057 2831 effe

1281 2848 1595 2910 pronuntiant,
1605 2861 1654 2896 ut
1662 2865 1719 2896 ex
1730 2848 2058 2897 Holdswortho

1281 2911 1452 2961 didici.
1517 2913 1787 2979 Pompeium
1815 2913 1970 2977 copias
1995 2928 2055 2961 ex

1283 2975 1476 3024 Oriente
1489 2979 1757 3026 contraxisse
1765 2978 1867 3043 quis
1880 2978 2021 3026 nescit
2037 2980 2056 3027 ἓ

1283 3041 1391 3102 833.
1426 3057 1510 3105 pro
1537 3043 1716 3106 vulgari
1737 3059 1749 3091 :
1800 3043 2056 3092 adsuescere

1282 3103 1429 3152 bellis.
1498 3107 1622 3154 Ante
1653 3109 1807 3169 oculos
1842 3107 1978 3156 Iliad.
2007 3130 2052 3164 υ,

1284 3186 1374 3233 279
1409 3170 1467 3217 de
1487 3170 1685 3220 Hefiiore
1719 3185 1765 3219 et
1789 3172 1931 3234 Ajace
1963 3172 2052 3220 fin·

1280 3234 1432 3301 gulari
1453 3236 1695 3284 certamine
1715 3235 2048 3301 pugnantibus:

1281 3303 1465 3356 Μηκέτι,
1488 3300 1610 3349 παῖδε
1631 3305 1765 3363 plzen,
1790 3301 2052 3365 πολεμίζετε,

1274 3364 1376 3420 μηδὲ
1397 3364 1641 3428 μάχεσθον.
1710 3371 1735 3416 8
1743 3383 1819 3430 34.
1842 3365 2051 3416 Imitatio

1276 3429 1457 3476 Lucani
1476 3431 1536 3476 est
1578 3431 1621 3487 I,
1663 3447 1732 3495 pr.
1780 3430 2049 3495 populumque

429 3507 563 3554 quam
585 3509 608 3540 a
623 3499 767 3558 poetae
786 3493 1003 3550 consilio,=
1023 3504 1102 3540 aut
1117 3509 1194 3541 co-
1265 3506 1467 3556 potentem
1478 3483 1805 3560 Ieisuaviflrici
1815 3498 2052 3554 conversum.
2073 3550 2075 3552 ,

644 3638 677 3685 4

1884 3562 2056 3623 viscere
