2372 4030
496 355 610 403 ιη
914 285 1716 393 ΕΧουιὶευςι*

565 495 822 545 Parandum
846 512 965 543 nunc
985 505 1081 542 erat
1104 494 1221 541 inter
1240 491 1453 540 barbaros
1487 501 1635 537 tutum
1658 483 1872 549 Trojanis
1889 481 2137 548 hospitium

509 571 577 636 (Ι,
600 587 659 622 22
665 574 734 633 3),
756 584 838 628 nec
872 569 1020 627 ¹minus,
1055 566 1249 631 junonis
1285 565 1436 613 Poenis
1455 562 1668 618 studentis
1703 558 1888 612 confilia
1915 555 2144 611 metuebat

504 644 662 692 Venus
687 642 799 704 (IV,
820 645 897 705 96.
922 645 1004 707 97)
1029 658 1042 688 ε
1077 641 1301 688 Exoratus
1322 656 1347 685 a
1372 638 1549 684 Venere
1569 635 1750 699 Jupiter
1775 632 1916 680 mittit
1951 633 2140 680 Mercu-

507 715 657 766 rium:
693 718 731 765 is
765 717 997 765 Didonem
1021 714 1266 780 propitiam
1305 713 1354 760 in
1377 713 1571 759 advenas
1594 709 1747 758 reddit
1769 707 2018 770 Poenosque
2047 703 2144 767 plat

507 805 583 842 cat
612 795 930 860 (297--304).
996 791 1050 837 ln
1074 787 1351 846 sermonibus)
1383 787 1500 845 inter
1536 786 1699 848 Jove'm
1729 795 1775 844 et
1807 782 2031 829 Venerem
2064 779 2146 829 ha2

509 868 620 918 bit-is
655 870 719 929 (v.
747 883 838 930 229
861 865 956 930 sq.)>
974 866 1114 912 multa
1136 862 1347 928 praeclare
1365 873 1672 926 exponuntur,
1689 876 1789 924 quae
1820 857 2052 905 Romanos
2086 854 2152 910 ad

510 959 694 990 carmen
723 941 967 1004 legendum
1000 940 1229 985 advertere
1272 938 1465 1001 poss'ent:
1504 936 1550 983 A
1594 934 1810 999 Trojanis
1845 931 2042 980 orituros
2068 928 2152 989 effe

516 1017 749 1074 Romanos
767 1029 984 1071 terrarum
1007 1012 1217 1059 dominos
1243 1014 1571 1075 (234--237m
1607 1008 1700 1057 fata
1718 1009 1870 1057 AEneae
1902 1004 1951 1056 in
1983 1003 2150 1058 Italian

518 1090 707 1140 Ascanii
739 1106 922 1154 regnum
940 1108 952 1144 ;
995 1088 1112 1137 Alba
1134 1086 1341 1143 condita;
1380 1087 1538 1133 Rornae
1559 1085 1787 1149 origines;
1821 1079 2017 1146 Junonis
2045 1076 2155 1126 odia

517 1166 630 1214 olim
652 1165 892 1227 placanda3
930 1162 1114 1209 Graecia
1151 1179 1176 1207 a
1214 1161 1431 1208 Romanis
1468 1161 1674 1215 suba&a;
1707 1157 1855 1221 Julius
1888 1157 2041 1217 Caesar·
2069 1151 2160 1200 diis

523 1239 872 1296 adscribendus;
911 1237 1001 1295 Pax
1046 1251 1265 1292 terrarum
1300 1236 1402 1289 orbi
1430 1235 1612 1294 reddita
1648 1234 1706 1284 ab
1741 1231 1957 1297 Augusto!
1983 1234 2164 1294 (258-2

527 1315 660 1381 296l·
715 1346 719 1349 ·

593 1388 770 1446 Interea
803 1389 995 1446 AEneam
1037 1404 1175 1437 novas
1222 1399 1358 1436 terras
1399 1389 1708 1452 explorantem
1756 1397 1896 1438 mater
1933 1382 2163 1447 Nymphae

529 1464 721 1529 speciem
745 1463 932 1511 mentita
948 1478 1185 1517 occurrens
1201 1464 1380 1522 edocet,
1414 1463 1462 1510 in
1497 1482 1597 1527 quae
1631 1464 1730 1510 loca
1748 1460 1939 1518 venerit,
1954 1463 2048 1524 ejus
2069 1455 2168 1504 ani-

531 1556 658 1597 mum
682 1540 829 1586 firmat
853 1542 1169 1603 (305—417),
1203 1551 1248 1584 et
1272 1539 1390 1586 nube
1413 1539 1584 1603 septum
1604 1551 1704 1586 tuto
1727 1538 1774 1584 in
1798 1538 1992 1584 mediam
2015 1534 2172 1587 urbem

533 1613 739 1662 deducit.
806 1614 997 1669 Eadem,
1021 1624 1072 1660 ut
1097 1611 1329 1659 Didonem
1351 1614 1527 1677 penitus
1549 1614 1806 1660 devinceret
1827 1613 2001 1668 AEneae,
2022 1623 2176 1658 amore

536 1704 632 1734 eam
653 1687 855 1735 incendit
877 1689 1190 1753 (657—722).
1258 1687 1379 1749 Juno
1403 1705 1508 1735 cum
1533 1687 1607 1734 sua
1629 1687 1815 1734 confilia
1836 1687 1893 1734 ad
1927 1683 2175 1750 perdendos

535 1762 760 1824 Trojanos
775 1761 893 1808 elusa
917 1760 1057 1817 videt,
1080 1759 1127 1807 id
1152 1760 1306 1808 saltem
1334 1762 1635 1815 machinatur,
1674 1773 1726 1808 ut
1761 1760 1924 1818 AEneas
1956 1776 2060 1812 cum
2087 1757 2176 1806 Di-

537 1837 658 1888 done
680 1836 896 1899 conjugio
915 1836 1094 1898 junctus
1128 1836 1408 1899 Carthagine
1444 1836 1593 1883 sedern
1623 1836 1732 1899 figat
1750 1855 1763 1892 ;
1798 1835 1866 1882 ita
1897 1833 2020 1882 enim
2061 1833 2179 1892 fore,

524 1911 592 1959 'ut
613 1910 718 1957 fatis
740 1909 783 1957 ei
804 1909 1071 1957 destinatum
1086 1910 1326 1975 imperium
1342 1912 1389 1957 in
1411 1910 1620 1958 Africam
1643 1907 1927 1956 transferatur
1951 1908 2062 1970 (IV,
2090 1922 2179 1968 102.

542 1988 743 2046 -106).
809 1984 966 2031 Venus
998 1985 1199 2033 fraudem
1227 1985 1496 2035 subodorata
1529 1986 1682 2034 saltem
1704 1986 1972 2050 conjugium
1995 1982 2185 2050 pacisci,-

546 2074 620 2107 tur
648 2079 662 2108 1
677 2063 944 2125 27—129);
980 2059 1043 2107 ita
1063 2061 1185 2108 enim
1207 2060 1395 2109 AEneam
1420 2073 1546 2108 tanto
1568 2062 1780 2118 tutiorem
1813 2061 1870 2118 ab
1894 2060 2063 2108 insidiis
2086 2059 2182 2116 fore

547 2135 690 2182 videt.
757 2135 823 2181 At
843 2134 1041 2198 Jupiter,
1063 2151 1195 2197 quem
1230 2136 1373 2183 Iarbae
1397 2136 1573 2192 Mauri,
1595 2136 1673 2199 qui
1711 2136 1943 2193 Didonem
1976 2147 2185 2197 procatus
2213 2156 2223 2167 ·

550 2220 664 2264 erat,
688 2207 894 2272 precibus
917 2221 1091 2254 motum
1113 2215 1249 2272 poeta
1271 2221 1417 2255 narrat
1444 2210 1758 2270 (196—218),
1796 2207 2018 2257 mandatis
2056 2207 2184 2258 Mer.-

552 2284 684 2340 curio
703 2283 820 2338 datis
839 2285 997 2345 AEneae
1019 2283 1271 2339 denuntiat,
1287 2297 1336 2333 ut
1354 2285 1394 2331 C
1402 2287 1634 2351 arthagine
1652 2286 1839 2332 decedat
1864 2288 1934 2349 (v.
1959 2301 2050 2334 220
2066 2286 2185 2350 sqq.)

555 2358 710 2406 Etiam
755 2357 804 2410 in
844 2358 912 2405 his
947 2357 1073 2419 jovis
1114 2360 1337 2407 mandatis
1373 2360 1536 2408 iterum
1581 2377 1884 2408 memorantur
1919 2359 2026 2407 fatis
2073 2361 2189 2408 datae

534 2427 537 2430 ’
558 2433 712 2493 AEneae
734 2433 782 2479 in
804 2432 938 2490 Italia
958 2432 1098 2488 sedes,
1122 2435 1300 2496 posteris
1332 2437 1428 2496 ejus
1451 2447 1668 2493 terrarum
1702 2434 1943 2499 imperium
1963 2447 2009 2482 et
2038 2434 2190 2502 primo

558 2510 665 2569 loco
685 2507 871 2555 Ascanii
893 2524 1078 2571 regnum
1103 2512 1417 2573 (229—236).

627 2583 863 2646 Postquam
884 2584 1050 2642 AEneas
1070 2583 1235 2631 Africa
1260 2585 1411 2633 relicta
1435 2583 1596 2637 iterum
1624 2583 1834 2637 Siciliam
1871 2585 2120 2649 appulerat,
2142 2598 2194 2636 ut

561 2657 748 2708 disceffu
766 2673 823 2703 ex
839 2655 983 2704 insula
1003 2669 1048 2703 et
1076 2657 1202 2705 aditu
1223 2659 1367 2707 Italiae
1383 2675 1488 2706 eum
1520 2659 1855 2715 intercluderet,
1887 2678 2050 2714 novam
2073 2661 2197 2722 frau-

564 2734 670 2794 dem
695 2731 880 2794 molitur
912 2731 1067 2793 Juno3
1101 2732 1224 2780 Iride
1252 2733 1374 2782 miss'a
1401 2747 1446 2781 et
1474 2735 1523 2782 in
1544 2752 1677 2793 anum
1710 2736 1883 2783 Beroen
1918 2749 2083 2783 mutata
2100 2755 2199 2785 mu-

544 2804 697 2865 'lieres
720 2807 942 2872 Trojanas
973 2807 1196 2865 hortatur,
1235 2821 1284 2855 ut
1328 2810 1501 2859 claffem
1537 2810 1778 2865 incendant
1810 2811 1899 2875 (V,
1922 2812 2012 2862 608
2050 2814 2200 2877 sqq),

570 2883 698 2931 Parte
720 2893 869 2929 tamen
891 2883 938 2928 T
940 2883 1194 2945 rojanorum
1217 2885 1402 2948 Segestae
1424 2884 1595 2943 relicta,
1616 2903 1774 2942 naves,
1796 2903 1894 2949 quae
1933 2886 2203 2952 supererant,

545 2951 835 3004 ‘conscendit
873 2957 1038 3018 AEneas
1070 2969 1116 3003 et
1149 2959 1325 3005 cursum
1348 2957 1395 3004 in
1424 2959 1601 3006 Italiam
1632 2959 1850 3009 absolvit:
1887 2972 1938 3020 ut
1971 2973 2066 3009 tuta
2100 2963 2205 3011 effet

574 3030 829 3097 navigatio,
855 3031 1008 3081 Venus
1025 3032 1289 3096 Neptunum
1312 3045 1469 3081 exorat
1494 3036 1802 3099 (779—824).

639 3104 831 3155 Escensu
858 3106 905 3154 in
928 3107 1088 3168 laevurn
1106 3107 1292 3156 Tiberis
1311 3107 1438 3165 littus
1459 3109 1576 3156 facto
1598 3121 1643 3168 et
1665 3110 1823 3170 animis
1840 3102 2051 3176 ¹portento
2083 3127 2207 3164 men-„-

576 3179 722 3228 sarum
761 3180 1039 3230 comesarum
1071 3181 1257 3236 firmatis
1277 3183 1417 3230 castra
1437 3197 1630 3248 ponunt,
1664 3197 1710 3232 et
1729 3185 1788 3232 ad
1825 3185 2038 3248 Larinpm
2056 3202 2209 3252 regem

533 3262 536 3265 ’
574 3255 747 3319 legatos
769 3255 953 3302 mittunt
977 3255 1092 3315 VII,
1125 3273 1142 3322 r
1169 3257 1266 3322 sqq.
1333 3257 1431 3323 Qi
1450 3270 1495 3304 et
1528 3258 1640 3323 ipse,
1662 3259 1814 3320 multis:
1833 3258 2051 3325 'portentis
2066 3271 2114 3306 et
2134 3276 2212 3311 va-„

576 3327 752 3376 ticiniis
763 3330 860 3391 jam
881 3340 985 3377 ante
1000 3329 1058 3384 de
1073 3343 1328 3380 exterorum
1347 3332 1542 3380 adventu
1559 3334 1764 3389 edoftos,
1786 3326 1881 3394 non
1901 3325 2038 3398 modo
2059 3333 2212 3397 hospi-

578 3400 696 3465 ¹tium
733 3414 778 3448 et
817 3403 1080 3454 societatem
1118 3405 1267 3471 regni,
1301 3421 1457 3454 verum
1495 3418 1542 3454 et
1570 3392 1837 3472 conjugium
1871 3406 1979 3468 filim
2007 3406 2212 3472 Lavini&

576 3474 821 3556 pollicetur
858 3477 994 3557 (VII,
1036 3482 1258 3553 1—385)‚
1324 3479 1372 3527 T
1373 3496 1449 3529 um
1479 3478 1603 3550 Juno
1641 3481 1776 3545 (VH,
1808 3482 1902 3543 286
1934 3479 2077 3547 sqqff,
2105 3496 2212 3548 cqrp

1080 3558 1083 3565 '
2119 3554 2215 3616 fata
