2372 4030
415 359 1817 477 rv111bDlthJ181‘T101s

410 565 483 631 ut
515 549 851 614 Romanos
876 527 1114 639 partini
1140 546 1222 614 ad
1249 545 1784 638 >amplectendum
1805 560 1868 612 et
1899 567 2060 634 pro-3

391 650 706 730 'bandum
741 661 1126 754 praesentem
1157 684 1376 729 rerum
1428 660 1669 727 statum
1695 659 2056 735 adducere,

410 778 654 870 partim
694 777 1072 867 Augustum
1108 777 1187 843 ad
1236 775 1750 842 moderationem
1801 795 1876 839 ac
1925 772 2058 838 cle-

413 893 736 962 mentiam
761 890 1085 956 adhortari
1116 905 1179 956 et
1211 913 1250 955 a
1280 888 1744 955 dominationis
1786 886 2065 954 libidine·

414 1021 477 1074 et
499 1005 883 1095 impotentia
909 1025 1204 1070 revocare
1224 1001 1527 1071 voluerit.
1624 999 1746 1066 Sed
1770 1021 1890 1066 nec
1908 997 2064 1065 huic

414 1117 680 1184 confilio
710 1118 843 1183 ulla
871 1142 952 1184 ex
1002 1132 1179 1206 parte
1212 1113 1549 1207 respondet
1582 1113 1882 1181 AEneidis
1911 1111 2067 1179 rsive

416 1249 879 1324 argumentum
905 1232 1031 1298 five
1063 1232 1364 1298 tractatio
1385 1262 1407 1308 3
1456 1229 1775 1321 profugus
1800 1251 1884 1296 ex
1906 1226 2065 1295 urbe

416 1347 674 1416 incensa
717 1348 958 1415 AEneas
1007 1370 1247 1413 novam
1305 1344 1521 1412 sedem
1555 1343 1819 1435 quaerit,
1868 1341 2068 1425 armis

419 1466 558 1531 vim
584 1465 826 1530 illatam
857 1460 1214 1552 propulsat,
1261 1476 1324 1527 et
1344 1458 1427 1526 fic
1449 1466 1643 1550 porro
1663 1491 1687 1537 3
1737 1457 1902 1550 quid
1921 1462 2068 1523 tan-
2097 1444 2099 1447 ⁵

420 1578 570 1644 dem
603 1578 703 1643 his
752 1576 938 1654 inest,
992 1575 1167 1665 quod
1221 1574 1300 1640 ad
1354 1573 1722 1665 imperandi
1778 1588 1940 1640 artes
1993 1593 2070 1637 ae-

420 1692 689 1760 virtutes
725 1689 1018 1780 spectet?
1119 1688 1386 1754 Fabulae
1426 1704 1645 1754 tamen
1686 1686 2071 1778 Virgilianae

420 1803 711 1871 universe
745 1800 933 1869 inesse
961 1818 1022 1867 et
1054 1803 1121 1867 in
1149 1801 1413 1892 fingulis
1449 1800 1755 1867 carminis
1779 1797 2070 1890 partibus

422 1934 533 1985 aut
595 1918 755 1983 locis
819 1940 890 1981 ac
951 1914 1233 1981 verfibus
1297 1938 1623 1982 occurrere
1686 1916 1863 1991 talia,
1920 1936 2077 2005 quae,

421 2033 826 2125 principibus
849 2054 964 2120 pro
984 2029 1341 2097 salubribus
1368 2031 1706 2122 praeceptis
1730 2052 2079 2096 commen-v

425 2146 561 2211 dari
592 2142 851 2234 poffint,
903 2167 1097 2209 nemo
1129 2159 1318 2234 neget
1346 2174 1364 2218 ;
1416 2143 1580 2233 quin
1631 2144 1851 2233 potius
1904 2143 2076 2210 inter

424 2260 758 2333 utilitate3‚
809 2280 956 2345 quae
993 2264 1334 2347 poetarum
1386 2257 1777 2339 carminibus
1831 2257 2075 2325 deben-

428 2391 553 2447 tur,
634 2371 962 2462 praecipue
1048 2369 1173 2436 hoc
1245 2373 1901 2439 commemorandum
1955 2371 2077 2439 est.¹

429 2488 680 2556 Verum
713 2508 845 2549 non
874 2500 1206 2574 propterea
1239 2484 1367 2555 dic-i
1392 2484 1594 2575 potest
1619 2486 1912 2554 aodebet
1939 2514 1954 2552 ε
2005 2487 2079 2552 in

431 2598 773 2667 condendo
804 2600 1089 2664 carmine
1122 2615 1185 2664 et
1232 2600 1303 2665 in
1365 2597 1585 2668 fabula
1643 2600 1985 2693 deligenda
2014 2616 2082 2668 et:

430 2707 791 2791 ordinanda
823 2711 947 2777 tale
987 2728 1392 2803 praeceptum
1423 2714 1829 2805 propofitum
1862 2714 2079 2807 poetae

430 2829 640 2905 fuisse,
687 2828 871 2920 cujus
897 2828 1270 2919 explicandi
1294 2829 1500 2897 cauffa
1524 2832 1957 2903 narrationem
1975 2830 2080 2897 in·-

433 2946 740 3012 stitueret.
840 2943 1116 3010 Narrare
1148 2945 1257 3010 ille
1289 2946 1497 3011 voluit
1543 2969 1616 3012 ac
1665 2946 1888 3014 debuit
1940 2970 2080 3037 rem

435 3084 744 3150 magnam
796 3076 859 3126 et
914 3059 1179 3126 arduam
1236 3080 1305 3150 ‘et
1363 3058 1757 3128 mirabilem.
1880 3064 2082 3151 Qod

434 3176 714 3241 narratio
746 3176 857 3242 illa
887 3190 948 3241 et
981 3174 1348 3253 delectatiO,
1387 3201 1537 3266 quae
1563 3178 1715 3244 inde
1739 3181 2082 3270 accipitun

436 3310 592 3355 cum
615 3288 887 3355 utilitate
919 3287 999 3380 ad
1029 3313 1256 3358 omnes
1286 3287 1634 3369 hominum
1668 3294 1955 3371 ordines·⁸
1980 3293 2085 3362 in·-

436 3397 798 3488 primisque
817 3399 894 3465 ad
916 3402 1294 3494 principum
1320 3405 1574 3472 animos
1593 3408 1952 3499 conjuncta
1965 3408 2087 3488 est,

439 3509 567 3577 hoc
595 3511 792 3605 epicae
823 3517 1176 3586 narrationi
1202 3542 1322 3612 per
1343 3519 1403 3588 se
1423 3520 1930 3594 consentaneum
1961 3521 2086 3601 est3

1953 3633 2095 3730 ipsa
