2294 4030
619 277 768 336 AD
839 276 1310 337 LIBRUM
1378 276 1440 338 ΙΙ
1736 296 1853 357 313

219 442 462 503 maetiam
498 441 548 489 in
586 441 676 501 his,
698 442 794 512 'cui
833 451 984 490 tamen
1020 439 1258 504 indulgere
1295 440 1541 491 admodum
1580 450 1860 508 quemquam

623 661 1205 711 EXCURSUS
1274 661 1442 711 XVII
1767 686 1769 690 ι

178 769 201 774 ”
275 753 368 813 De
383 753 578 812 AEneae
590 750 798 827 d‘sccffu
813 773 879 810 ex
901 752 1069 810 urbe:
1109 751 1318 830 ejusque
1339 762 1500 829 patre
1517 761 1567 808 et
1572 750 1763 828 stzrpe.

190 851 218 921 ¹⁴
282 860 334 909 11
367 860 449 909 sub
483 862 559 910 fin.
629 860 827 925 Copiose
847 872 894 908 et
915 871 1076 909 ornate
1099 863 1280 925 poe'tam
1310 861 1405 908 fata
1424 874 1469 909 et
1491 862 1605 910 faeta
1628 864 1822 913 AEneae
1809 885 1858 916 m

214 932 314 1001 ipso
357 934 516 999 Trojae
557 935 743 983 excidio
782 926 1006 1000 exponere
1046 935 1264 984 vidimuS.
1330 937 1398 985 Ut
1440 948 1587 984 tamen
1629 954 1857 1026 appareat,

213 1006 380 1074 partim
395 1009 491 1057 haec
513 1008 703 1058 minime
716 1014 899 1072 poetam
915 1021 1079 1056 temere
1101 1021 1145 1056 et
1157 1010 1215 1056 ad
1232 1010 1474 1058 libidinem
1491 1012 1662 1060 finxiffe
1666 1016 1858 1078 ‚partim

215 1099 310 1147 quo
333 1083 411 1132 ille
439 1082 620 1146 judicio
644 1083 764 1129 inter
792 1083 939 1146 plures
956 1083 1233 1131 narrationes
1253 1102 1371 1141 eam,
1414 1102 1512 1148 quae
1531 1086 1611 1134 fibi
1634 1089 1860 1137 utiliffima

212 1168 327 1212 erat,
363 1158 593 1220 amplexus
614 1157 686 1213 fit,
725 1173 777 1202 ea
801 1155 1020 1212 breviter,
1045 1174 1145 1220 quae
1167 1157 1224 1204 ab
1246 1157 1345 1205 aliis
1362 1158 1431 1204 his
1453 1159 1509 1206 de
1532 1161 1663 1209 rebus
1682 1177 1860 1213 narrata

212 1230 335 1289 sunt,
355 1231 578 1295 subjicere
601 1247 691 1277 non
706 1229 901 1294 pigebit.

189 1326 191 1329 ·
283 1305 423 1372 Qod
439 1305 585 1371 igitur
603 1303 714 1351 urbe
736 1304 793 1350 ab
815 1303 1013 1351 hostibus
1030 1320 1085 1350 ex
1110 1305 1282 1352 infidiis
1304 1319 1434 1371 capta
1455 1307 1617 1357 AEneas
1637 1313 1694 1359 ad
1709 1328 1857 1362 arcem

214 1381 432 1439 accurrit,
479 1381 709 1443 multaque
738 1380 911 1427 strenue
935 1374 1068 1434 facit,
1095 1380 1192 1426 noli
1217 1383 1361 1445 poe'tae
1384 1397 1688 1432 commentum
1709 1388 1859 1436 existi..

213 1472 351 1504 mare.
423 1454 530 1502 Fuit
553 1455 708 1517 utique
730 1471 781 1501 ea
804 1453 861 1500 de
875 1453 1029 1500 AEneae
1051 1454 1218 1502 virtute
1237 1456 1375 1510 fama,
1392 1470 1454 1511 et,
1480 1475 1614 1521 quarn
1640 1462 1776 1509 multa
1799 1464 1859 1509 ad

213 1547 362 1579 arcem
409 1528 674 1594 Pergamum
722 1529 1059 1576 defendendam
1103 1529 1285 1576 fortiter
1338 1548 1389 1578 ac
1446 1532 1667 1595 sapienter
1713 1538 1859 1601 egerit

144 1616 171 1666 'f
214 1602 395 1660 AEneas,
418 1605 670 1670 quomodo,
686 1604 823 1651 salute
837 1604 1268 1668 desperata,partem
1293 1606 1464 1653 civium
1484 1609 1859 1675 fortunarumque

211 1679 378 1728 salvam
414 1695 493 1743 per
524 1690 701 1742 portam
740 1678 937 1725 aversam
960 1676 1009 1723 in
1041 1677 1135 1724 Idae
1158 1691 1253 1725 tuta
1288 1681 1517 1738 eduxerit,
1561 1684 1858 1748 pactioneque

212 1773 320 1803 cum
343 1754 537 1803 Achivis
558 1753 675 1802 faeta
696 1752 960 1807 discesserit,
1001 1768 1057 1799 ex
1083 1753 1348 1810 HellaniCO,
1383 1756 1686 1820 antiquiffimo
1721 1760 1857 1824 scrip-

213 1841 332 1887 tore,
367 1830 533 1877 diserte
567 1839 716 1874 narrat
754 1826 954 1889 Dionys.
995 1826 1039 1881 I,
1070 1827 1150 1888 46.
1174 1845 1231 1891 47
1286 1832 1419 1893 (pag.
1467 1832 1526 1892 36
1542 1836 1554 1893 )
1572 1868 1586 1887 ,
1629 1832 1708 1895 qui
1730 1834 1860 1881 locus

3 1931 21 1936 -
50 1927 51 1930 ¹
119 1964 123 1966 λ
212 1917 420 1951 accurate
442 1903 502 1951 est
523 1902 753 1966 legendus.
820 1901 875 1947 In
900 1901 1081 1948 Arffini
1106 1901 1304 1950 Excidio
1337 1904 1416 1951 Ilii
1452 1905 1615 1952 AEneas
1644 1908 1737 1970 jam
1762 1909 1858 1971 post

213 1979 492 2027 Laocoontis
514 1994 670 2024 necem
693 1977 741 2023 in
763 1985 966 2024 montem
988 1975 1119 2024 Idam
1142 1979 1379 2028 secessersst.

277 2053 507 2119 Virgilius
544 2053 730 2116 quidem
760 2052 947 2098 AEneam
981 2053 1101 2115 quafi
1135 2054 1183 2100 in
1221 2055 1332 2100 urbe
1377 2055 1523 2118 Troja
1566 2057 1854 2109 domicilium

117 2150 124 2154 ⁷
212 2127 452 2176 habentem
495 2125 693 2181 inducit,
740 2126 1038 2190 Anchisaeque
1076 2127 1261 2175 domum
1286 2129 1332 2175 in
1369 2142 1492 2193 parte
1513 2133 1636 2180 urbis
1670 2135 1727 2180 ab
1754 2140 1856 2184 arce

211 2215 387 2252 remota
407 2213 626 2249 memorat
658 2201 726 2259 II,
768 2218 859 2266 299
883 2201 980 2265 sqq.
1051 2202 1117 2248 At
1158 2203 1388 2250 Homerus
1419 2206 1609 2254 AEnearn
1649 2209 1704 2255 ab
1745 2209 1855 2256 urbe

213 2275 432 2325 Dardano
456 2276 650 2324 adduxit
671 2294 716 2324 v.
742 2275 878 2324 Iliad.
901 2280 952 2331 β,
978 2280 1068 2340 819
1091 2276 1210 2341 sqq„
1235 2295 1368 2341 quam
1388 2295 1491 2326 cum
1516 2281 1700 2342 regione
1735 2283 1856 2329 Dar-

190 2351 349 2399 ‘dania
371 2352 449 2399 ille
480 2351 663 2416 regebat
686 2369 731 2401 v.
755 2350 916 2398 Strabo
941 2350 1085 2406 XIII,
1114 2369 1143 2415 p
1165 2354 1258 2415 596
1301 2351 1363 2399 D.
1436 2352 1529 2400 Sita
1553 2355 1631 2402 illa
1653 2358 1709 2403 ad
1739 2358 1853 2422 ipsas

215 2423 313 2472 Idae
351 2425 544 2480 radices,
568 2426 708 2480 ,unde
750 2423 965 2471 Anchisae
1003 2423 1230 2471 habitatio
1266 2424 1314 2471 in
1353 2425 1450 2489 ipso
1472 2428 1555 2474 Ida
1577 2429 1634 2475 ab
1669 2433 1852 2480 auctore

212 2497 396 2562 Hymni
418 2499 468 2546 in
486 2497 710 2545 Venerem
732 2497 936 2562 ponitur,
952 2516 996 2546 v.
1017 2499 1094 2547 68.
1114 2516 1190 2563 75.
1218 2498 1278 2546 cf.
1305 2499 1469 2564 Qint.
1490 2503 1591 2549 Cal.
1610 2504 1750 2562 VIII,
1772 2523 1850 2571 97.

213 2576 294 2640 98.
362 2573 591 2636 Trojanos
610 2589 666 2620 ex
693 2572 909 2620 Dardano
926 2585 969 2620 et
991 2572 1237 2637 Ophrynio
1260 2574 1411 2620 AEneae
1432 2577 1636 2639 paruiffe,
1659 2596 1714 2626 ex
1738 2580 1854 2627 Hel-

129 2665 132 2666 ’
160 2646 162 2650 ’
199 2648 365 2697 ΧῙειηίεῑο
389 2647 528 2696 tradit
553 2646 747 2710 Dionys.
783 2646 896 2693 Hal.
926 2646 971 2703 I,
995 2649 1074 2708 46.
1097 2664 1177 2712 47.
1244 2648 1318 2694 Ex
1340 2648 1501 2695 iisdem
1526 2651 1638 2698 locis
1659 2652 1852 2717 aliisque

132 2734 134 2737 ’
211 2722 400 2771 urbibus
424 2721 659 2786 Trojanis,
681 2721 821 2768 etiam
838 2737 896 2768 ex
913 2721 1133 2783 Bebrycia
1159 2722 1239 2782 (cf.
1262 2721 1378 2769 ibid.
1403 2739 1445 2771 e.
1464 2729 1565 2787 54),
1589 2727 1851 2776 confluxisse

209 2799 270 2846 ad
292 2814 418 2854 eum,
430 2814 536 2844 cum
557 2795 605 2842 in
627 2795 759 2843 Idam
776 2794 820 2850 fie
841 2794 1090 2860 recepisset,
1115 2812 1323 2859 magnam
1348 2797 1687 2846 multitudinem
1703 2800 1851 2847 homi-

208 2889 339 2930 num,
362 2872 486 2920 idem
511 2870 780 2917 Hellanicus
795 2868 913 2917 ibid.
934 2869 1163 2917 memoriae
1183 2869 1445 2934 prodiderat
1472 2891 1486 2927 ;
1529 2874 1650 2920 unde
1673 2873 1847 2938 Virgil.

119 2979 122 2980 ν
208 2936 278 3004 II,
302 2949 396 3012 796
439 2950 576 3012 Atque
611 2946 679 2993 hic
717 2952 925 3011 ingentem
958 2953 1143 2993 comitum
1177 2946 1393 3009 affluxff‘
1425 2966 1626 2995 novorum
1658 2960 1768 3004 etc„
1803 2961 1850 2997 et

122 3029 123 3033 ’
164 3076 166 3078 v
209 3020 392 3070 illustris
411 3037 468 3068 ex
491 3018 730 3085 Sophoclis
745 3018 1007 3066 Laocoonte
1024 3018 1149 3065 locus
1171 3017 1287 3067 ibid.
1310 3034 1354 3065 e.
1378 3024 1437 3082 48
1462 3021 1586 3083 Adest
1604 3022 1766 3073 AEneas
1783 3049 1849 3065 -.

211 3090 372 3147 Kotais?
389 3097 430 3146 δὲ
449 3102 597 3145 πᾶσαν
617 3097 778 3153 οἰκετῶν
799 3090 1106 3154 παμπληθίαν,
1132 3093 1411 3158 Συνοπάξεται
1433 3096 1472 3144 δὲ
1495 3096 1653 3155 mia-305
1674 3111 1762 3146 etc.

208 3162 211 3165 Δ
274 3172 468 3221 AEneam
488 3186 601 3233 cum«
617 3168 812 3217 Achivis
848 3168 1058 3233 pactione
1092 3169 1210 3216 faeta
1250 3168 1416 3216 salvum
1442 3169 1688 3228 disceffiffe,
1730 3173 1847 3223 miro

136 3234 139 3246 ³
162 3240 163 3243 ¹
210 3241 428 3299 cOnsensu
448 3244 567 3292 inter
586 3256 756 3291 veteres
776 3242 998 3300 traditur,
1014 3242 1091 3289 etfi
1113 3243 1181 3298 id,
1201 3243 1495 3291 diverfiffimis
1519 3245 1685 3303 modis,
1708 3248 1848 3295 modo

162 3351 165 3353 -
202 3318 271 3389 »ad
299 3316 552 3384 prudentiae
579 3316 760 3364 laudern
802 3317 942 3364 modo
975 3316 1032 3363 ad
1067 3315 1301 3379 perfidiam
1333 3315 1462 3363 ducis
1493 3318 1701 3367 trahitur.
1768 3321 1848 3368 Ad

150 3447 152 3449 ¹
191 3383 194 3386 ⁴
205 3405 447 3457 z‚utramque
464 3391 697 3439 rationem¹
710 3389 799 3439 five
818 3390 1083 3439 firmandam
1097 3392 1185 3439 five
1203 3391 1448 3438 ornandam
1471 3393 1719 3458 caussasque
1739 3411 1848 3442 con-

205 3466 297 3534 vfilii
332 3465 603 3529 reddendas,
644 3463 818 3518 scilicet
841 3468 895 3518 u't'
926 3465 980 3516 in
1001 3465 1126 3528 loco,
1156 3466 1239 3532 qui
1260 3482 1288 3515 a
1311 3466 1465 3516 multis
1497 3479 1593 3518 erat
1614 3470 1843 3524 tractatus.

1703 3544 1850 3595 multa
