2372 4030
138 3200 140 3203 ·
223 3183 298 3239 fit,
331 3181 557 3232 transiisse.

599 289 1140 370 *AENEIDOQ
1213 298 1398 361 LIB.
1460 302 1509 362 Ι.

1790 314 1875 389 43

230 458 586 539 Insequitur.
620 460 822 543 Qem
834 463 932 521 das
949 465 1151 537 finem,
1167 465 1296 527 Rex
1318 478 1553 549 magne,
1574 471 1870 537 laborum?

210 574 504 669 'Antenor
529 574 748 654 potuit,
777 576 990 636 mediis
1021 578 1246 658 elapsus
1277 581 1544 655 Achivis,

227 686 500 769 Illyricos
520 704 825 768 penetrare
844 689 998 750 finus
1027 703 1202 772 at'que
1232 678 1442 755 intima
1471 711 1628 759 tutus

1755 725 1866 784 243

233 805 452 886 Regna
473 804 898 876 Liburnorum,
923 820 979 864 et
1014 808 1242 867 fontem
1276 808 1543 890 superare
1569 813 1842 879 Timavi:

286 958 381 1012 241.
407 980 471 1003 rex
475 967 612 1016 stimme
630 963 781 1003 Hamb.
802 964 874 1003 sec.
894 963 936 1002 in
955 965 1050 1004 Exc.
1074 967 1215 1007 Cortii.

1329 979 1422 1016 242.
1439 972 1589 1024 delapfies
1608 971 1708 1012 alter
1727 976 1873 1017 Hamb.

325 1036 369 1069 et
389 1030 732 1078 Frauc.—-⁴-245.
761 1044 882 1082 magno
902 1028 1082 1070 Parthas.
1103 1044 1150 1071 ex
1169 1045 1208 1071 v.
1230 1044 1282 1082 55
1289 1061 1298 1070 .
1351 1050 1424 1073 cum
1439 1037 1532 1090 vqsto
1550 1036 1650 1077 alter
1669 1038 1820 1079 Hamb.

230 1180 363 1231 aliter
400 1190 613 1231 contraria
643 1186 755 1247 fata
797 1183 1011 1230 dicuntur

230 1247 339 1294 AEn.
384 1247 479 1303 IX,
539 1248 643 1309 136.
743 1247 894 1314 Qem
936 1251 1013 1295 das

166 1325 168 1327 ’
229 1311 385 1368 finem,
430 1327 531 1376 pr0,
573 1312 705 1367 facis,
745 1311 1011 1360 constituis?

231 1375 432 1424 Po'eticae
468 1376 667 1424 orationi
705 1387 751 1424 et
786 1377 872 1424 hoc
909 1394 1010 1441 pro-

229 1440 358 1506 pius:
395 1442 543 1495 δοῦναι,
561 1441 687 1496 dare,
708 1458 792 1504 pro
814 1441 976 1491 facere.

243 1521 246 1524 ’
295 1522 567 1570 242—249.
622 1523 666 1552 v.
720 1506 909 1557 Excurs.
953 1508 1011 1554 ad

227 1571 276 1619 h.
302 1571 333 1618 l.
359 1571 439 1618 ubi
460 1571 517 1617 de
539 1581 637 1617 toto
660 1571 762 1618 loco
780 1571 1011 1634 judicium

226 1635 389 1684 fertur.
442 1635 604 1682 Livius
657 1634 700 1689 I,
765 1636 1013 1700 1-——castbus

226 1702 372 1748 deinde
404 1705 546 1763 variis
579 1700 1013 1764 Antenora—venff’

226 1774 274 1813 in
310 1772 499 1813 intimum
541 1772 670 1812 maris
706 1766 926 1813 Adriatici
941 1768 1009 1829 si-

227 1848 349 1885 num3
384 1830 459 1876 hic
500 1829 616 1876 finus
655 1835 804 1892 po'etae
838 1830 1013 1876 doffius

226 1894 395 1959 Iliyrici
396 1896 536 1957 finus,
559 1910 751 1956 namque
773 1893 1010 1956 Illyricum

228 1958 393 2020 majori
440 1957 671 2004 Adriatici
724 1957 837 2004 finus
892 1958 1010 2021 parti

225 2023 522 2088 praetenditur
537 2042 549 2079 ς
573 2021 694 2068 idem
710 2029 860 2070 intima
876 2043 1010 2088 regna

226 2088 521 2142 Liburnorum,
553 2102 658 2132 nam
700 2086 848 2133 versus
891 2087 1008 2135 inte-

224 2152 364 2199 riores
407 2151 590 2201 receffus
633 2149 848 2206 Liburni,
895 2151 1008 2215 Illy-

227 2216 315 2264 rici
355 2217 563 2280 populus,
605 2226 702 2262 tum
747 2215 866 2271 Istri,
899 2217 1007 2264 hinc

227 2280 397 2329 Veneti
417 2294 462 2327 et
484 2280 707 2343 Euganei,
744 2280 793 2326 in
815 2293 1008 2342 quorum

225 2345 349 2393 sedes
363 2344 531 2391 Veneti
545 2344 849 2392 succefferant.
871 2346 1006 2409 Spec-

226 2421 296 2458 tat
334 2420 483 2456 autem
520 2408 578 2454 ad
612 2408 885 2471 dignitatem
906 2427 1007 2456 ora-

224 2474 363 2522 tionis
395 2472 607 2536 po'eticae,
642 2484 692 2518 ut
728 2473 1011 2522 declarentur

226 2538 431 2603 regiones
466 2553 558 2584 non
592 2536 787 2600 vulgari,
821 2538 896 2584 sed
931 2555 1009 2588 ex-

225 2602 456 2668 quisitiore
477 2601 680 2657 nomine,
714 2619 757 2651 v.
783 2619 825 2648 c.
857 2619 884 2648 a
905 2603 1008 2649 fini-

232 2668 317 2716 bus
333 2684 384 2714 ac
409 2665 617 2713 finitimis
635 2666 813 2729 populis
830 2667 974 2730 petito
992 2683 1003 2712 :

225 2732 350 2795 quod
373 2731 405 2778 fi
427 2743 593 2786 teneaS,
627 2736 811 2793 poetam
846 2733 960 2778 male
981 2749 1008 2778 a

230 2796 386 2845 Servio
425 2794 682 2842 accusatum
704 2795 847 2852 dices,
883 2797 1007 2859 quod

141 2859 144 2863 ’
209 2862 506 2914 *Antenorem
550 2859 788 2920 Illyricum
833 2872 880 2908 et
926 2859 1006 2906 Li-

223 2924 437 2975 burniam
477 2924 661 2972 tenuiffe
702 2923 780 2973 ille
817 2924 1006 2980 dixerit,

225 3007 312 3041 nec
351 2988 500 3036 minus
542 2989 658 3035 male
699 2988 795 3051 post
838 2989 1013 3037 Corra-s

224 3055 338 3101 dum
360 3068 386 3099 a
408 3052 667 3100 Bur-manno
695 3051 930 3102 defensum
949 3069 1006 3100 ex

225 3117 307 3166 usu
327 3133 432 3164 voc.
463 3119 709 3226 penetraefffh
740 3118 866 3179 quod
889 3118 934 3166 h.
972 3118 1006 3169 1.

640 3196 762 3230 mmo
816 3197 927 3228 vero
980 3199 1007 3230 a

286 3251 363 3295 eta
396 3244 560 3292 finibus
593 3244 729 3292 latius
759 3245 1011 3293 constitutis

272 3321 509 3358 enetorum
549 3325 629 3356 ora
669 3307 741 3356 his
782 3308 887 3372 ipfis
929 3310 1008 3359 vfl'.

225 3391 338 3438 3243.
353 3389 388 3438 4
399 3373 578 3438 doffius
588 3373 858 3429 declaratur,
874 3390 1010 3437 quam

133 3489 141 3494 ,
224 3440 354 3491 nudo
423 3435 608 3488 nomine
679 3437 1005 3503 geographica

223 3502 371 3590 Qod
395 3517 524 3557 vero
547 3514 684 3565 tutus,
717 3501 793 3558 seu,
830 3502 1011 3558 incolu-

1090 1186 1195 1241 mis,
1229 1186 1286 1232 ad
1306 1186 1506 1235 Venetos
1526 1191 1750 1253 pervenit,
1783 1193 1870 1242 hoc

1090 1250 1352 1314 simpliciter
1393 1253 1450 1298 ad
1488 1270 1688 1303 errorum
1712 1257 1874 1306 discri-

1091 1314 1215 1361 mina
1267 1315 1472 1364 referam.
1566 1319 1753 1368 Potuere
1806 1335 1873 1370 ta-

1092 1396 1193 1426 men
1217 1391 1261 1426 et
1283 1381 1370 1426 alia
1391 1383 1473 1428 effe
1493 1384 1736 1431 Antenoris
1760 1386 1871 1443 fata,

1091 1460 1193 1506 quae
1249 1461 1367 1492 nunc
1421 1447 1703 1510 ignorantur.
1802 1451 1875 1498 Ita

1091 1509 1263 1571 colligo
1280 1510 1348 1555 ⁴ex
1367 1510 1470 1558 Sex.
1496 1512 1653 1559 Aurel'.
1691 1514 1870 1564 Victor.

1089 1572 1148 1618 de
1170 1575 1288 1636 orig.
1314 1573 1380 1623 G.
1409 1576 1544 1622 Rom.
1581 1594 1621 1624 c.
1664 1597 1704 1626 1.
1727 1582 1876 1642 Qzare

1087 1652 1229 1684 autem
1266 1641 1473 1687 addiderit
1515 1653 1653 1699 tutus,
1672 1648 1751 1704 suo
1792 1646 1874 1692 loco

1078 1702 1310 1764 plangffi'me
1348 1714 1643 1753 annotavimus
1684 1715 1728 1754 in
1770 1728 1874 1755 com-

1087 1777 1350 1822 mentatione,
1385 1790 1508 1833 qaam
1530 1771 1772 1833 conscribere
1793 1793 1875 1821 coe⁴

1085 1838 1240 1893 pimus,
1277 1842 1521 1897 recognitam
1560 1855 1611 1881 ex
1652 1857 1693 1882 eo
1746 1837 1871 1894 libro,

1093 1900 1166 1958 qui
1193 1900 1403 1960 1'77fi-rsptus
1438 1902 1490 1962 qli
1517 1901 1565 1944 de
1587 1900 1760 1964 Origine
1781 1905 1874 1948 Pa-

1090 1967 1265 2008 tavina.
1341 1962 1440 2025 (Sic
1478 1963 1599 2009 enim
1635 1965 1782 2011 locum
1816 1966 1872 2012 il-

1090 2023 1187 2069 lum
1209 2024 1325 2071 forte
1346 2027 1627 2088 constituas).
1664 2029 1874 2078 Tandem

1091 2088 1248 2143 etiam,
1290 2092 1428 2136 modo
1472 2091 1595 2137 ditio
1637 2099 1873 2155 po‘e'tarum

1091 2169 1233 2208 more,
1292 2155 1371 2216 qui
1428 2171 1453 2200 a
1502 2156 1706 2203 finitimis
1759 2159 1872 2206 locis

1092 2218 1232 2263 multa
1287 2219 1535 2282 defignant,
1594 2221 1782 2280 (seilicet
1823 2235 1875 2270 ut

1091 2294 1301 2328 ornatum
1336 2282 1442 2329 inde
1474 2296 1518 2328 et
1551 2301 1767 2332 novarum
1805 2304 1875 2334 re„

1090 2362 1191 2391 rum
1214 2347 1473 2394 notionibus
1491 2348 1749 2397 suavitatem
1773 2367 1872 2398 ver-

1091 2409 1205 2455 sibus
1225 2411 1313 2456 suis
1346 2417 1583 2474 quaerant,)
1625 2418 1870 2472 Timavum,

1091 2491 1358 2537 quamquam
1396 2477 1547 2538 paullo
1583 2479 1871 2528 remotiorem

1089 2538 1297 2594 fluvium,
1331 2540 1403 2585 sed
1448 2541 1671 2588 notiorem
1715 2555 1759 2589 et
1800 2561 1873 2590 ve-

1088 2615 1234 2648 terum
1301 2603 1418 2650 forte
1483 2612 1719 2667 po'e'tarum
1788 2610 1868 2656 usu

1086 2666 1436 2730 frequentatum,
1491 2670 1549 2715 ad
1585 2670 1712 2716 fitum
1761 2687 1871 2719 eun-

1087 2731 1190 2777 dem
1235 2731 1555 2780 declarandum
1598 2751 1872 2782 commemo-

1087 2808 1170 2844 rat.
1241 2795 1407 2843 Fontem
1449 2795 1629 2844 ‘Timavi
1641 2804 1877 2861 superavit

1089 2861 1313 2913 Antenor,
1362 2873 1580 2924 quatenus
1624 2864 1754 2909 claffe-
1790 2860 1869 2910 lit'-

1088 2936 1189 2971 tora
1228 2924 1379 2987 legens
1421 2928 1583 2988 (neque
1619 2926 1740 2973 enim
1781 2928 1866 2974 ali-
1948 2955 1950 2958 f

1087 3000 1171 3044 ter,
1236 2989 1319 3035 nifi
1383 2990 1511 3039 cursu
1573 2991 1754 3053 propius
1806 2994 1868 3041 ad

1086 3052 1323 3114 Illyricum
1353 3052 1480 3102 littus
1513 3054 1701 3108 servato,
1746 3072 1868 3104 mare

1087 3117 1376 3164 Adriaticum
1412 3129 1511 3163 tuto
1549 3117 1752 3181 navigari
1785 3136 1868 3184 po.

1088 3182 1196 3228 test:
1247 3181 1312 3229 cf.
1353 3180 1457 3230 Liv.
1494 3181 1562 3236 X,
1600 3185 1650 3241 2)
1687 3195 1867 3245 praeter-

1088 3246 1237 3294 vestus
1288 3256 1382 3291 erat
1434 3247 1576 3295 finum
1641 3246 1868 3310 Tergesti-

1086 3325 1216 3362 num,
1248 3308 1298 3355 in
1339 3325 1470 3371 quern
1514 3307 1734 3359 Timavus
1776 3310 1865 3358 im.

1085 3373 1300 3422 mittitur.
1387 3372 1500 3420 Non
1540 3385 1689 3421 autem
1729 3375 1868 3439 longe

1086 3453 1114 3484 a
1154 3436 1268 3484 mari
1310 3435 1361 3483 in
1402 3437 1658 3487 Carnorum
1698 3437 1869 3488 finibus

1084 3501 1165 3555 ille
1226 3501 1347 3552 inter
1407 3500 1589 3572 rupium
1656 3515 1866 3554 cavernas

1557 3564 1876 3634 compluribus
