2294 4030
507 267 517 272 γ.
556 210 1112 288 AENEIDOS,
1163 205 1359 295 ΜΒ.
1428 201 1540 268 vt.
1635 256 1650 265 „

1749 179 1878 295 ‚659

134 385 141 401 ’
226 378 355 450 Hic
385 381 638 444 crudelis
666 399 835 442 amor
853 373 1032 447 tauri,
1073 371 1467 453 suppostaque
1494 366 1658 428 furto

229 495 537 580 Pasiphae,
564 497 944 574 mixtumque
961 484 1169 571 gemis,
1188 483 1496 564 prolesque
1513 481 1790 545 biformis
1804 497 1836 544 2
1845 499 1878 564 5

230 610 609 683 Minotaurus
643 599 813 672 inest,
855 597 1101 658 Vener-is
1127 610 1518 655 monumenta
1545 595 1817 656 nefandae
1833 625 1865 668 3.

229 721 357 786 Hic
384 720 552 780 labor
577 715 680 775 ille
705 713 946 785 domm,
988 727 1047 771 et
1070 709 1504 770 inextricabilis
1533 728 1697 770 error
1717 733 1735 770 z

231 834 538 914 Magnum
564 825 791 908 reginae
821 825 922 885 sed
952 825 1115 884 enim
1145 821 1453 906 miseratus
1480 841 1757 896 amorem

233 937 540 1011 Daedalus·‚
579 933 705 1014 ipse
732 932 900 992 dolos
921 930 1064 990 testi
1092 928 1493 1010 ambagesque
1519 931 1782 1008 resolvit,

288 1121 356 1163 25.
384 1110 571 1166 qustpbe,
594 1107 746 1164 Pqfiphe
771 1104 814 1146 in
846 1104 967 1148 codd.
1020 1103 1090 1146 Est
1110 1103 1483 1158 Πασιφάη.·-“27.
1510 1108 1576 1147 illa
1607 1109 1722 1148 domus
1753 1103 1882 1152 Goth.

235 1186 333 1220 tert.

208 1307 417 1359 Catulli
454 1307 658 1374 Epithal.
702 1305 822 1354 Pelei
861 1323 908 1356 v.
947 1322 973 1372 7
988 1322 1013 1369 3

235 1376 336 1441 sqq.
371 1386 419 1422 et
453 1390 574 1421 nunc
595 1387 652 1419 ex
678 1372 901 1438 Apollod.
925 1370 1019 1428 111,

246 1457 322 1507 15,
357 1456 383 1503 7
409 1451 455 1486 et
479 1437 598 1484 Not.
622 1454 668 1501 p.
695 1442 787 1502 879
811 1435 877 1499 sq.
918 1439 1022 1500 sep-

239 1519 338 1554 tena
358 1517 527 1577 corpora
548 1516 759 1558 natorum,
781 1516 885 1565 pm,
906 1501 1022 1558 nati,

239 1570 510 1633 elegantius,
542 1579 593 1613 ut
616 1566 744 1630 saepe.
793 1568 1024 1630 Argutan-

170 1648 172 1654 “
242 1647 318 1681 tur
370 1631 421 1680 in
487 1646 676 1679 numero
737 1631 1025 1694 Interpretes.

241 1699 365 1745 Cum
400 1696 532 1762 pueri
568 1695 736 1760 septem
770 1695 1027 1759 septemque

243 1762 403 1826 puellae
425 1761 731 1815 mitterentur,
765 1760 929 1822 quidni
961 1761 1025 1806 al-

245 1837 475 1874 terutrum
506 1838 679 1872 tantum
700 1825 809 1888 poni
840 1825 1025 1887 potuit?

142 1893 143 1900 ’
229 1895 342 1955 stat,
375 1891 532 1945 adstat,
555 1908 684 1943 urna,
707 1888 921 1952 graphice
937 1890 1025 1935 hoc

153 1994 155 1996 .
244 1957 303 2003 ad
359 1953 643 2003 sortitionem
703 1969 879 2008 eorum,
945 1954 1026 2017 qui

249 2019 461 2067 mittendi
498 2030 646 2072 erant,
693 2017 1024 2065 declarandam.

244 2084 346 2147 jam
370 2102 415 2132 v.
442 2100 627 2131 20-22
669 2080 717 2128 in
735 2081 834 2128 unis
854 2082 1027 2128 forium

43 2159 45 2176 ¹
98 2158 101 2159 ’
154 2179 161 2184 .
245 2149 391 2197 valvis
424 2147 639 2212 expreffas
670 2158 778 2209 puta
807 2146 1029 2203 Athenas,

247 2214 497 2277 Androgeo
538 2226 696 2258 necem
741 2223 787 2257 et
823 2209 1028 2258 sortitio-

249 2293 351 2326 nem
373 2292 641 2342 puerorum;
690 2291 717 2321 a
757 2292 802 2323 v.
838 2291 896 2337 23
930 2275 1029 2339 sqq.

170 2376 171 2381 ,
249 2350 400 2390 autem
423 2342 470 2389 in
493 2340 644 2388 alteris
661 2339 803 2388 valvis
820 2339 1028 2395 Cretam,

249 2419 447 2462 taurum,
483 2404 747 2469 PasiphaeQ
789 2403 1029 2451 Minotau-

250 2487 371 2530 rum,
441 2469 796 2533 Labyrinthum,
858 2468 1031 2517 Ariad-

249 2552 358 2594 nen,
393 2535 648 2583 Daedalum.

267 2611 278 2638 'v
318 2616 526 2663 23--33-
583 2599 741 2662 Gnosia
781 2596 922 2651 tellus,
980 2614 1027 2646 v·

248 2665 342 2720 111,
371 2681 421 2712 11
433 2681 479 2730 ς.
545 2663 661 2710 elata
697 2670 826 2717 mari,
874 2677 1031 2726 perpe·

231 2744 383 2780 .tuum
403 2727 648 2776 insularum
678 2727 928 2791 epitheton,
960 2725 1028 2774 al-

251 2809 320 2851 ta,
373 2794 500 2859 quod
538 2792 650 2840 alibi
698 2791 898 2840 vidimus
946 2789 1030 2852 (cf.

239 2860 351 2925 sup.
394 2858 460 2916 V,
508 2859 640 2922 588).
706 2857 932 2919 respondet,
981 2855 1031 2902 in

252 2923 405 2979 alteris
421 2921 566 2983 valvis
587 2936 645 2969 ex
666 2919 868 2976 adversa,
890 2936 1032 2984 oppo-

254 2988 357 3047 fita,
387 2998 513 3053 parte
535 2984 732 3049 expreffa
751 2986 827 3032 est.
891 2987 1034 3033 crude-

255 3051 308 3102 [ἡ
326 3070 461 3110 amor,
480 3051 727 3099 violentus:
765 3049 926 3097 eodem
940 3065 1037 3096 mo-

148 3176 157 3179 *
255 3118 499 3185 dusaewam
533 3126 582 3162 et
614 3115 676 3163 fic
706 3130 844 3179 porro
863 3112 1037 3160 dictum

257 3181 431 3246 accipe.
479 3183 677 3244 suppesta
691 3184 818 3244 fimo
850 3179 909 3226 P.
952 3193 1038 3241 pro

257 3241 482 3318 suppofita
519 3255 651 3292 tauro
693 3242 917 3298 adultero,
957 3255 1039 3306 per

242 3313 440 3375 finum,
577 3310 648 3355 ἴοις
668 3311 822 3368 γάμοις
841 3312 1038 3368 μιγεῖσαι,

176 3395 199 3432 ὲ
223 3380 230 3416 J
259 3381 446 3439 exunt&
496 3384 498 3386 ’
527 3373 632 3422 u-saei
651 3372 866 3421 formula.
934 3370 1041 3419 No·-

202 3475 209 3503 χ
261 3438 347 3489 lim
378 3448 530 3490 tamen
563 3449 722 3504 putare
754 3436 895 3502 ipsam
933 3451 1041 3485 vac·

353 3562 359 3587 Ι

1095 1324 1197 1355 cam
1234 1307 1442 1374 ligneam
1485 1308 1719 1374 ipsumque
1753 1307 1885 1374 flagi-

1098 1373 1214 1420 tium
1237 1374 1484 1437 expreffum
1508 1374 1667 1432 fuisse3
1702 1375 1777 1423 sed
1801 1375 1884 1422 Pa.

1101 1438 1253 1500 fiphae
1277 1455 1320 1485 v.
1355 1454 1397 1485 c.
1429 1438 1687 1487 demulcens
1705 1452 1884 1489 taurum

1102 1506 1219 1566 imst,
1253 1515 1481 1566 tamquam
1507 1519 1607 1567 pars
1627 1505 1885 1568 argumenti

1103 1566 1313 1630 expreffa.
1382 1569 1550 1615 Veneris
1584 1588 1641 1615 m.
1664 1572 1886 1634 nefandae,

1105 1631 1296 1679 nefandi
1337 1630 1521 1680 amoris.
1590 1632 1702 1680 Non
1739 1634 1886 1682 aliter·

1109 1697 1237 1742 Nota
1259 1696 1317 1742 est
1339 1697 1396 1743 de
1421 1697 1692 1744 Minotauro
1713 1697 1885 1754 fabula,

1107 1761 1157 1806 in
1190 1761 1316 1823 cujus
1355 1760 1721 1824 interpretatione
1753 1779 1888 1825 argu·

1107 1837 1259 1871 tantur
1311 1826 1429 1872 affim
1452 1839 1635 1880 veteres,
1667 1827 1805 1872 etiarn
1827 1828 1882 1874 ad

1106 1890 1152 1937 h.
1178 1890 1212 1935 l.
1328 1889 1478 1936 idetur
1497 1890 1649 1936 fabula
1672 1892 1885 1953 simplici-

1107 1966 1175 2000 ter
1193 1970 1248 1999 ex
1270 1953 1477 2015 symbolo
1510 1954 1665 2018 aliquo
1688 1955 1888 2019 antiqui-

1108 2030 1179 2065 tus
1202 2018 1250 2064 in
1267 2019 1407 2065 Creta
1429 2019 1567 2065 obvio
1585 2021 1739 2075 ducta,
1762 2022 1887 2084 quod

1109 2084 1297 2146 figuram
1340 2083 1580 2130 humanam
1599 2099 1705 2130 cum
1737 2086 1890 2148 capite

1110 2147 1227 2194 tauri
1281 2147 1525 2194 exhibebat
1540 2168 1553 2204 ;
1628 2160 1740 2194 erat.
1766 2149 1890 2196 aliud

1112 2212 1367 2274 symbolum
1407 2211 1457 2257 in
1478 2211 1646 2259 Siciliae
1679 2225 1725 2258 et
1746 2212 1891 2260 Italia:

1111 2276 1261 2322 numis
1299 2275 1650 2339 frequentatum,
1699 2294 1889 2342 corpore

1110 2340 1228 2387 tauri
1250 2339 1299 2386 in
1320 2352 1457 2403 caput
1486 2340 1575 2386 viri
1600 2341 1779 2389 barbati
1801 2359 1886 2389 ex·-

1107 2418 1263 2516 eunte13
1277 2406 1402 2515 quoid
1415 2404 1493 2516 :iiiii
1506 2405 1670 2516 chchi
1684 2406 1756 2479 seu
1765 2408 1890 2518 Ego-

1110 2486 1200 2524 nis,
1267 2487 1343 2518 .e.
1388 2485 1493 2525 018,
1526 2485 1606 2516 an
1672 2483 1779 2518 atru
1838 2490 1887 2519 u-

1109 2534 1198 2587 vii,
1247 2533 1501 2595 symbolum
1558 2488 1671 2582 effep
1692 2536 1891 2586 voluere.

1110 2597 1238 2644 Mihi
1254 2598 1456 2645 noudum
1473 2597 1614 2661 liquet
1632 2618 1645 2656 ;
1678 2599 1891 2648 obscura-

1109 2673 1173 2719 ta,
1205 2674 1335 2724 puto,
1364 2664 1459 2724 jam
1481 2662 1657 2710 dudum
1680 2663 1769 2710 fuit
1784 2681 1889 2713 vera

1110 2726 1303 2788 symboli
1319 2726 1553 2775 sententia.
1587 2727 1651 2776 cf.
1669 2728 1729 2775 ad
1743 2729 1894 2793 Apol·

1110 2793 1206 2839 lod.
1230 2791 1368 2838 Notae
1385 2808 1431 2855 p.
1454 2805 1563 2855 537.
1632 2809 1711 2857 27.
1737 2792 1893 2857 Laby-

1114 2856 1290 2903 rinthus
1315 2855 1495 2902 Daedali
1531 2873 1664 2920 opus,
1695 2858 1747 2904 in
1774 2857 1895 2907 Pafi-

1113 2922 1254 2984 phaes
1293 2921 1489 2984 gratiam
1531 2920 1798 2985 susceptum,
1843 2935 1898 2972 ut

1114 2985 1438 3032 Minotaurum
1476 2984 1525 3031 in
1555 3001 1610 3031 eo
1647 2985 1895 3035 absconde·

1115 3064 1198 3096 ret.
1247 3050 1323 3096 Sic
1341 3048 1485 3096 Ovid.
1503 3047 1625 3096 VIII
1642 3048 1761 3098 Met.
1786 3068 1895 3118 157.

1116 3112 1298 3176 Hygin.
1322 3112 1357 3160 f.
1383 3130 1461 3175 40.
1517 3112 1664 3163 Diod.
1685 3115 1778 3174 IV,
1813 3134 1893 3182 77.

1117 3177 1441 3242 Ap0110d.111,
1463 3194 1506 3232 1,
1522 3195 1571 3241 4.
1595 3195 1612 3226 1
1624 3193 1672 3243 5,
1689 3184 1734 3228 8.
1753 3180 1897 3245 Apud

1118 3243 1376 3290 Homerum
1433 3257 1542 3289 vero
1588 3242 1803 3292 Daedalus
1844 3246 1897 3294 in

1118 3307 1337 3354 Ariadnae
1363 3305 1560 3371 gratiam
1595 3308 1788 3357 chorum
1820 3308 1898 3360 seu

1119 3371 1398 3419 saltationem
1442 3370 1731 3435 Labyrintho
1775 3373 1900 3423 fimi-

1121 3437 1214 3486 lem
1254 3435 1488 3493 instituisse
1522 3449 1728 3488 narratur
1761 3438 1900 3491 Iliad.

1737 3523 1788 3560 0³
1807 3521 1898 3572 ⁵91

1897 3678 1911 3708 l
