2372 4030
365 337 499 413 DE
547 336 1182 416 cARM.EP1co
1214 336 1573 426 VIRGIL.
1651 383 1860 432 vau

219 521 587 590 absolutum
611 521 762 603 fuit,
795 519 1040 597 'verum
1077 528 1313 620 judicii
1355 535 1626 628 alicujus
1658 539 1863 633 subti-

138 703 141 706 <
218 637 386 705 litati
417 638 701 706 tribuere
742 640 1024 708 voluere.
1124 641 1296 710 Casu
1346 644 1486 714 fieri
1515 653 1742 740 potest,
1788 672 1864 740 ut

217 753 438 824 versus
498 752 927 846 imperfectus
956 774 1046 824 xet
1096 759 1407 852 abruptus
1464 765 1533 829 in
1573 764 1863 834 sermone

215 864 494 957 abrupto
547 883 864 946 occurrat,
943 868 1242 962 adeoque
1317 873 1580 940 laudem
1649 880 1867 945 nescio

214 1000 421 1070 quam
450 986 664 1072 poeltae
696 978 904 1048 facere
931 982 1144 1074 poflit‚
1193 1010 1259 1052 v.
1297 1011 1354 1053 e.
1387 990 1544 1053 AEn.
1576 990 1696 1068 IV,
1730 992 1851 1078 361

216 1092 469 1159 Italiam
497 1116 614 1159 non
640 1095 864 1183 sponte
884 1100 1138 1187 sequor,
1171 1098 1446 1192 abrupto
1479 1105 1709 1169 AEneae
1733 1104 1860 1170 ser-

214 1228 409 1272 mone
427 1236 452 1282 ,·
501 1207 620 1274 ubi
655 1209 911 1275 Servius
943 1237 962 1276 z
1019 1222 1065 1250 “
1103 1228 1165 1278 et
1198 1215 1470 1280 oratorie
1499 1215 1591 1282 ibi
1624 1216 1858 1295 finivit,

211 1318 331 1386 ubi
359 1319 459 1386 vis
489 1323 858 1412 argumenti
893 1323 1253 1391 confistit.'’
1314 1328 1526 1418 Atqui
1552 1328 1676 1395 hoc
1706 1353 1861 1394 acu-

211 1458 367 1502 men
429 1434 520 1502 est
572 1434 1002 1505 declamatore
1064 1438 1364 1529 dignum,
1437 1468 1570 1508 non
1625 1450 1814 1533 poe’ta
1834 1477 1858 1521 ,-

0 1561 10 1632 ζ
118 1622 120 1627 ,
210 1553 661 1643 multomagis
693 1553 773 1618 ab
821 1554 1002 1644 epica
1031 1556 1341 1644 gravitate
1371 1555 1691 1632 abhorret,
1740 1581 1860 1622 nec

208 1667 422 1759 potest
450 1668 703 1758 placere
728 1666 796 1731 in
817 1667 1107 1733 oratione
1133 1685 1340 1734 metro
1369 1671 1613 1760 illigata
1643 1670 1859 1738 versus

207 1798 420 1849 metro
450 1779 844 1871 imperfecto
874 1780 1160 1855 relictus,
1207 1783 1383 1859 μέτρον
1410 1782 1641 1861 ἄμετρον.
1709 1785 1861 1849 ΑΗ-

208 1912 304 1963 ter
333 1896 431 1963 res
463 1893 527 1960 se
558 1893 752 1960 habet
797 1895 870 1960 in
896 1985 899 1988 ‚
922 1895 1210 1962 oratione
1267 1894 1569 1986 pedestri,
1624 1899 1689 1961 in
1726 1923 1856 1988 qua

205 2009 734 2103 propositionum
766 2007 847 2073 ad
902 2010 1159 2075 aurium
1194 2009 1524 2098 judicium
1557 2009 1857 2079 mensura

92 2152 98 2156 ’
205 2124 297 2191 est
325 2122 614 2200 liberior,
664 2147 816 2213 quae
848 2122 1010 2189 adeo
1040 2125 1267 2190 variari
1315 2125 1543 2214 potest.
1638 2129 1732 2191 At
1787 2129 1856 2192 in

205 2231 488 2307 AEneide
512 2238 759 2330 ubique
789 2237 1208 2304 manifestum
1239 2237 1313 2303 fit
1345 2238 1635 2305 studium
1692 2247 1854 2330 poe-

204 2371 292 2437 tae
321 2355 726 2444 properantis
758 2353 838 2424 ad
865 2377 1110 2420 novam
1137 2351 1521 2418 sententiam
1549 2370 1610 2417 et
1630 2356 1851 2420 locum

203 2492 452 2537 novum
475 2499 500 2544 3
547 2491 706 2533 cum
734 2468 1079 2559 ingenium
1125 2466 1501 2533 consumere
1553 2468 1753 2534 nollet
1783 2470 1852 2535 in

202 2583 530 2676 explenda
559 2601 621 2651 et
652 2584 1045 2676 expolienda
1083 2583 1391 2650 sententia
1421 2583 1851 2660 antecedente,

204 2697 387 2788 cujus
412 2695 666 2765 summa
687 2694 897 2790 capita
927 2695 1331 2789 apposuerat.
1432 2696 1554 2763 Sed
1590 2697 1745 2763 nolo
1778 2699 1847 2762 in

192 2809 308 2903 „his
325 2811 599 2879 taedium
640 2811 844 2881 facere
868 2845 890 2890 ς
941 2814 1126 2904 attigi
1162 2837 1428 2905 quoque
1460 2835 1600 2880 rem
1654 2813 1780 2879 To.
1812 2809 1845 2877 I

94 2944 97 2950 ’
203 2921 569 2993 adsDonati
595 2926 822 2994 Vitam
854 2927 1118 3019 Virgilii
1147 2923 1185 3013 §
1218 2947 1333 3014 59.

164 3600 171 3610 ”
249 3606 251 3608 ’
288 3611 507 3683 ToM.
538 3637 629 3686 11.
1035 3642 1077 3688 e
1626 3608 1870 3698 DIS-f
