2372 4030
508 409 584 451 10
766 387 835 450 P.
882 352 1348 451 vmfflm
1391 388 1871 452 MARole
1953 404 1954 407 Ν

495 554 858 616 Exciderant
885 534 1087 615 animo
1111 586 1126 625 ς
1172 558 1514 647 ηιαηετιειῙῖεῑ
1543 572 1742 617 mente
1772 559 2072 639 repostum
2142 587 2154 596 ··

494 670 806 748 judicium
837 671 1087 740 Paridis,
1131 649 1466 751 spretaeque
1498 673 1715 752 injuria
1743 650 1976 745 formae,

494 784 577 843 Et
604 803 791 863 genus
822 783 1097 856 invisum,
1140 802 1197 843 et
1226 784 1379 863 rapti
1421 783 1788 862 Ganymedis
1818 786 2100 848 honores:

455 876 457 878 ι
496 899 616 958 His
645 898 891 958 adcensa
921 898 1109 977 super,
1143 899 1394 979 jactatos
1426 919 1666 977 aequore
1691 913 1821 959 toto

497 1012 703 1083 TroaS‚
724 1012 1000 1091 reliquias
1022 1012 1302 1071 Danaum
1321 1027 1499 1091 atque
1525 1012 1754 1070 inmitis
1776 1011 2022 1084 Achilli,
2064 1001 2150 1089 30

552 1182 619 1223 26.
661 1183 867 1221 Excfderent
898 1195 999 1221 unus
1018 1181 1138 1224 Leid,
1164 1183 1198 1219 in
1213 1181 1318 1221 inter
1335 1182 1411 1220 alta
1438 1190 1478 1220 et
1515 1189 1620 1219 mente
1652 1180 1736 1234 jam
1757 1179 1910 1220 Pierius
1923 1179 2148 1224 sustulerat.

493 1247 672 1286 --—-28.
705 1250 815 1300 raptis
852 1250 972 1286 Rom.
1092 1259 1157 1295 30.
1185 1256 1284 1298 atque
1320 1246 1470 1298 aliquot
1509 1246 1550 1285 in
1586 1246 1700 1285 codd.
1733 1245 1849 1284 abest.
1881 1259 1924 1284 v.
1951 1245 2147 1286 Pierium.

493 1313 629 1351 Achilli
647 1312 796 1351 Medic.
817 1311 963 1364 aliique
994 1324 1056 1362 ap.
1080 1312 1186 1349 Pier.
1209 1320 1248 1349 et
1270 1310 1420 1356 Heinss,
1450 1324 1570 1362 quem
1590 1309 1681 1348 vide
1709 1309 1773 1348 hic
1794 1319 1833 1348 et
1854 1310 1904 1348 ad
1926 1321 2003 1349 120
2023 1319 2063 1349 et
2095 1309 2148 1348 ad

493 1375 579 1414 Ecl.
611 1377 722 1422 VIII,
762 1388 831 1426 70.
880 1374 958 1414 five
980 1376 1087 1427 qnod
1106 1375 1228 1414 etiam
1248 1374 1396 1412 Arbillus
1416 1374 1513 1413 olim
1534 1373 1624 1421 fuit,
1643 1383 1686 1413 ut
1709 1374 1888 1412 Patroclus
1904 1382 1944 1413 et
1963 1374 2153 1431 Patrocles,

494 1439 573 1480 five
594 1453 641 1477 ex
661 1440 850 1485 Achilleus,
880 1451 954 1490 pro
987 1438 1145 1486 Achillei,
1172 1439 1279 1491 quod
1312 1438 1588 1485 verifi1nilius;
1618 1437 1687 1476 nifi
1708 1437 1757 1476 fic
1776 1424 2026 1477 scribendum
2046 1445 2151 1477 erat.

494 1505 592 1542 Mox
632 1517 670 1540 v.
693 1514 743 1548 41
771 1504 859 1541 Oilei
891 1503 932 1540 in
967 1503 1080 1542 Med.
1123 1503 1177 1542 est
1215 1504 1297 1541 oili.

1355 1516 1449 1540 nam
1482 1503 1545 1542 ab·
1565 1504 1720 1542 Achilles
1754 1502 1898 1545 frustra
1934 1504 2078 1543 ducere
2107 1504 2148 1543 id

494 1565 792 1607 Grammaticos
809 1577 922 1620 puto-
979 1566 1116 1620 Vulgo
1137 1567 1180 1606 h.
1202 1567 1231 1606 l.
1253 1568 1410 1606 Achillis.

493 1687 606 1735 alias
630 1688 803 1735 causs'as
834 1685 1185 1749 interposuisset,
1212 1692 1278 1733 in-

492 1758 636 1815 iquum
683 1754 866 1800 Paridis
905 1755 1146 1815 judicium,
1203 1772 1281 1816 quo

491 1818 684 1880 Junonis
691 1822 847 1881 forma
883 1822 1065 1881 inferior
1088 1830 1282 1880 pronun-

489 1889 612 1931 tiata
662 1889 843 1947 ficerat,
916 1896 958 1930 et
1029 1884 1284 1945 Ganymedis

490 1962 684 2011 raptum,
720 1948 848 1995 addit
894 1965 941 1994 v.
985 1965 1045 2011 29
1082 1950 1167 1995 His
1205 1968 1282 1996 ac-

489 2018 610 2078 cergsa
627 2018 777 2076 super,
814 2030 939 2066 cum,
974 2014 1105 2076 super
1144 2026 1282 2061 caete-

491 2097 566 2132 ra,
621 2080 820 2141 insuper,
878 2080 1020 2128 etiam
1077 2079 1148 2126 his
1201 2079 1284 2126 fibi

491 2143 626 2207 faftisg
656 2144 834 2206 injuriis
873 2146 980 2195 effet
1018 2143 1282 2192 inflamma-

490 2227 557 2260 ta.
604 2250 608 2264 ,,
628 2210 842 2258 Aliorum
874 2209 1180 2273 interpretum
1207 2227 1281 2258 ra—

490 2276 577 2329 tio,
613 2287 663 2323 ut
699 2278 752 2323 id
778 2289 963 2323 metuens
996 2293 1102 2323 cum
1127 2287 1279 2325 antec.

491 2342 711 2389 Audierat
761 2340 952 2404 jungas,
1024 2341 1283 2389 orationem

492 2406 635 2454 efficit
659 2406 888 2457 elumbem
914 2418 960 2454 et
991 2406 1280 2470 languidam.

493 2472 842 2521 Anacoluthum
905 2472 1158 2535 agnoscere
1214 2472 1282 2519 sass

491 2537 585 2585 tius
613 2537 740 2591 esset,
774 2537 846 2584 sed
872 2538 1047 2585 neceffe
1087 2554 1179 2585 non
1203 2539 1281 2584 est.

491 2604 653 2652 Manet
695 2606 894 2665 repestum
940 2619 1028 2668 pro
1081 2603 1286 2666 vulgari,

492 2670 557 2716 est
598 2669 847 2732 repofitum
894 2668 943 2715 in
983 2668 1140 2715 animo
1178 2668 1286 2722 alte,

491 2733 742 2798 profunde.
829 2733 1163 2798 Comparanda
1203 2751 1287 2781 au-

495 2812 596 2850 tern
620 2815 725 2848 curn
766 2798 836 2846 his
870 2799 1128 2847 Homerica
1152 2800 1215 2846 ΙΙ.
1240 2822 1289 2853 ω,

505 2881 717 2939 25—30.
788 2866 1009 2917 Formam
1040 2864 1291 2912 adumbra-

501 2943 574 2977 vit
598 2929 772 2977 Statius
797 2931 956 2978 Theb.
984 2931 1028 2986 I,
1066 2929 1179 2992 246,
1217 2929 1295 2978 ubi

512 2994 729 3060 Jupiter:
765 3015 893 3060 neque
921 3000 1030 3044 enim
1066 3014 1224 3044 arcano
1246 2998 1298 3045 de

537 3069 670 3109 εέῖονε
675 3060 841 3123 fallax
863 3059 1079 3109 ‘Tantalus
1100 3075 1140 3108 et
1143 3064 1298 3125 saevae

507 3130 650 3190 periit
691 3128 860 3191 irgjuria
920 3129 1084 3191 mergsae.
1173 3126 1302 3175 Hinc

522 3191 670 3245 Ovid.
711 3192 885 3242 Fastor.
916 3194 1007 3247 VI,
1041 3187 1101 3254 43
1142 3192 1304 3256 Caqffa

521 3258 678 3320 duplex
719 3261 804 3306 irae
820 3277 837 3304 .·
895 3270 1020 3321 rapto
1065 3258 1306 3321 Ganymede

438 3375 442 3379 ,
510 3322 697 3370 dolebam
718 3341 736 3370 .·
799 3323 959 3370 Ρονίηα
997 3342 1154 3388 quoque
1184 3324 1303 3374 Idaeo

517 3391 640 3438 ‘udice
663 3392 797 3436 vidia
824 3408 919 3437 mea
934 3392 1009 3453 cst.
1061 3388 1299 3438 Caeterum

515 3453 670 3502 versus
738 3454 801 3500 est
867 3469 927 3502 ex
994 3453 1297 3512 ornatiffimis.

497 3522 669 3582 spretae
689 3521 859 3582 ity‘uria
876 3525 1046 3583 sormae
1067 3518 1297 3581 adje&um

514 3582 573 3630 ad
597 3582 923 3648 declarandam
953 3583 1122 3648 judicii
1160 3584 1296 3649 indo-

493 3648 606 3710 Iemg
658 3652 814 3715 spreta
819 3655 996 3717 forma,
1033 3651 1097 3700 est
1139 3651 1289 3718 Juno-

1364 1687 1433 1735 nis
1475 1686 1771 1752 pulchritudo
1814 1688 2152 1752 pulchritudini

1364 1753 1562 1800 Veneris
1588 1753 1878 1815 posthabita3
1914 1766 1979 1808 et,
2005 1771 2152 1818 quan—

1365 1819 1614 1881 doquidem
1651 1818 1698 1865 id
1722 1836 1828 1866 cum
1863 1821 2057 1882 Junonis
2079 1820 2154 1868 in-

1361 1884 1485 1946 juria
1543 1886 1734 1937 sactum,
1808 1885 1897 1933 hoc
1939 1885 2154 1950 plenius:

1349 1955 1515 2012 spreta>
1546 1955 1714 2014 formae
1754 1955 1940 2014 itquria.
2011 1953 2155 2000 Genus

1363 2019 1573 2076 invisum,
1631 2029 1822 2078 propter
1859 2016 2154 2073 Dardanum,

1365 2080 1497 2143 Jovis
1535 2094 1582 2127 et
1622 2081 1832 2131 Elearae.
1870 2082 2065 2146 pellicis,
2099 2085 2156 2135 fi-

1362 2146 1433 2196 liae
1494 2147 1715 2202 Atlantis,
1777 2148 1938 2203 filium,
1989 2165 2016 2199 a
2061 2166 2158 2213 quo

1363 2210 1561 2274 Trojani
1644 2212 1821 2260 ducunt
1902 2214 2155 2278 orIginem.

1366 2278 1500 2326 Serv.
1529 2295 1574 2325 v.
1606 2279 1723 2328 Exc.
1750 2280 1823 2326 VI
1857 2279 1914 2327 ad
1952 2280 2035 2330 lib.
2057 2278 2156 2329 III.

1366 2342 1518 2390 Potest
1556 2343 1677 2391 forte
1711 2364 1844 2409 genus
1881 2349 2073 2410 invfficm
2095 2345 2157 2397 ad

1364 2407 1505 2455 solam
1532 2409 1706 2456 Priami
1722 2407 1995 2474 progeniem
2018 2427 2156 2460 revo*

1365 2473 1492 2521 cari:
1545 2473 1657 2537 quid
1706 2488 1859 2523 tamen
1894 2476 2006 2526 inde
2039 2476 2156 2525 lucri

1364 2539 1514 2602 poetae
1568 2539 1783 2596 accedat,
1862 2558 1954 2590 non
1999 2540 2156 2592 video-

1372 2606 1407 2652 F
1415 2604 1479 2652 uit
1502 2605 1698 2653 invisum
1720 2607 1893 2670 Junoni
1910 2625 2047 2657 omne
2071 2622 2159 2656 no-

1370 2686 1478 2719 men
1519 2671 1781 2732 Trojanum
1822 2673 2030 2730 omnino,
2085 2686 2160 2721 at-

1371 2752 1462 2798 que
1503 2736 1619 2784 adeo
1658 2737 1797 2785 etiam
1838 2739 2008 2788 AEneas
2052 2755 2161 2802 cum

1367 2801 1615 2849 comitibus
1642 2821 1657 2859 ;
1736 2821 1821 2853 nec
1894 2805 2038 2857 solum
2104 2808 2160 2865 ii,

1372 2865 1451 2929 qui
1478 2883 1504 2912 a
1528 2867 1662 2931 stirpe
1688 2869 1862 2919 Priami
1893 2885 2033 2920 -erant
2065 2874 2160 2924 ori-

1376 2931 1503 2979 undi.
1571 2938 1694 2996 rapti
1731 2938 1799 2997 (v.
1820 2935 1930 2985 AEn.
1949 2938 2015 2993 V,
2031 2940 2153 3016 255)

1378 2998 1633 3060 Ganymedis
1655 2999 1844 3055 honores,
1863 3001 2162 3057 ministerlum

1380 3064 1674 3126 poculorum,
1708 3066 1766 3112 ad
1800 3067 1926 3131 quod
1947 3085 2163 3137 receptus

1380 3129 1460 3183 est,
1494 3141 1674 3177 remota
1695 3131 1848 3180 Hebe.
1884 3132 2021 3184 Sere'v.

1449 3209 1602 3259 29--3
1612 3213 1655 3259 3.
1691 3198 1777 3244 His
1812 3204 1984 3263 accergsa
2009 3203 2166 3267 fiper,

1379 3257 1577 3322 insuper.
1627 3278 1672 3309 v.
1714 3261 1773 3310 ad
1807 3280 1855 3314 v.
1895 3281 1974 3331 25.
2010 3318 2015 3320 ,
2056 3262 2164 3317 reli-

1379 3329 1506 3388 quias
1548 3326 1776 3382 Danaum,
1826 3346 1856 3380 a
1891 3330 2070 3382 Danais
2115 3346 2166 3383 et

1379 3388 1440 3437 ab
1466 3390 1651 3439 Achille
1688 3393 1869 3445 relictos
1896 3396 2128 3460 Trojanos
2148 3418 2166 3457 3

1382 3452 1464 3519 qui
1511 3456 1802 3507 Achivorum
1841 3475 2002 3522 manus
2047 3465 2166 3515 effu·
2199 3489 2203 3493 ·

1379 3534 1562 3584 gerant.

1377 3602 1421 3638 e,
1459 3586 1650 3651 septem.

1376 3651 1457 3703 lib,
1473 3644 1579 3703 'In-L

1634 3525 1758 3573 Mox
1779 3526 1930 3587 multos
1950 3544 2092 3578 annos
2114 3531 2165 3579 h.

1740 3608 1789 3638 v.
1832 3593 1952 3650 Exc.
1991 3594 2045 3647 II
2100 3595 2168 3657 'ad

1648 3660 1889 3722 allifatis.
1923 3675 2017 3707 non
2049 3669 2169 3720 tam,

1927 3725 2151 3791 quoniam
