2294 4030
553 285 699 351 AD
768 282 1241 347 LIBRUM
1308 287 1442 353 1.‚
1658 306 1786 374 <159

146 469 226 507 rus
244 453 377 518 lqsum
409 457 660 499 memoret:
696 448 896 514 παίζεσι,
927 449 1071 512 quod,
1101 448 1181 496 etfi
1198 461 1245 497 et
1274 450 1417 514 ipsum
1438 451 1497 500 de
1532 454 1706 504 choreis
1737 472 1791 512 ac

142 527 395 587 saltatione
426 525 642 579 sollenne,
675 535 728 571 ut
759 540 807 572 v.
834 540 877 573 c.
900 523 1059 587 Odyff.
1083 522 1133 580 ὃ,
1158 539 1183 571 2
1191 540 1269 588 50.
1293 542 1322 573 2
1327 542 1381 590 5¹
1423 529 1486 586 (et
1518 529 1669 591 paullo
1689 541 1794 579 ante

146 602 296 665 μολπὴ
330 610 486 647 cantus
524 613 631 651 cum
673 596 923 651 saltatione,
963 613 1007 645 v.
1047 598 1208 649 Graev.
1249 597 1375 646 Lech
1399 597 1588 654 Hefiod.
1612 618 1655 650 c.
1683 607 1757 668 19)
1774 623 1792 660 ;

151 672 236 731 vix
256 688 407 724 tamen
428 673 672 727 Homerus,
695 689 795 736 quae
812 673 907 735 ejus
927 671 1064 720 verba
1090 671 1212 726 sunt,
1240 672 1329 724 alia
1347 672 1406 720 de
1422 689 1468 720 re
1488 690 1621 737 quarn
1646 678 1703 724 de
1724 677 1794 731 in.-

153 750 270 803 ceffu
291 759 338 796 et
360 746 716 799 discurfitatione
738 746 1000 796 venantium
1019 746 1221 810 cogitare
1242 747 1408 810 potuit.
1475 745 1685 795 Variavit
1706 749 1794 804 ita·

146 813 242 888 'que
275 820 508 886 Virgilius
536 835 661 876 rem,
697 830 743 868 et
777 822 920 868 multo
962 819 1313 884 splendidiorem
1359 819 1553 884 speciem
1585 822 1796 876 exhibuit

140 899 423 962 χοςευοὺσας,
466 911 558 942 non
594 893 910 951 discurrentes,
945 892 1201 957 Nymphas.
1273 893 1544 957 Vituperant
1577 905 1726 942 tamen
1746 895 1795 943 in

156 963 356 1020 Marone
377 970 540 1018 choros
569 967 749 1026 Dianae,
771 969 868 1016 deae
889 967 1130 1022 venatrici,
1148 968 1363 1025 tributos,
1385 982 1429 1015 et
1451 968 1658 1031 praeferre
1687 969 1797 1030 hae-

153 1054 281 1092 tenus
301 1045 429 1109 poffis
451 1041 634 1098 Silium,
657 1041 737 1106 qui
761 1042 808 1089 in
834 1058 879 1088 re
895 1041 1128 1090 venatoria
1149 1041 1343 1089 substitit
1378 1043 1428 1090 in
1457 1044 1560 1091 loco
1594 1060 1620 1090 e
1652 1042 1798 1090 nostro

155 1118 363 1182 expresso
384 1116 467 1172 lib.
489 1114 609 1172 XV,
629 1131 721 1181 772
742 1115 840 1179 sqq.
912 1117 989 1171 Ut,
1026 1134 1114 1162 cum
1134 1129 1297 1163 venatu
1312 1117 1456 1180 saltus
1487 1131 1644 1164 exercet
1664 1130 1802 1179 opacos

154 1193 392 1259 Qjc‘lynna,
415 1206 455 1243 et
475 1192 594 1247 laetae
608 1190 1023 1255 praebetspec‘iacula
1043 1199 1190 1247 matri,
1213 1193 1305 1239 Aut
1335 1194 1468 1239 Pindi
1495 1211 1657 1243 nemora
1678 1211 1802 1240 excu—

153 1274 280 1331 riens,
317 1280 393 1325 aut
413 1266 618 1322 Maenala
647 1265 846 1327 lzstrans,
881 1265 1026 1315 Omnis
1057 1265 1275 1312 Naiadum
1300 1265 1438 1329 plenis
1474 1271 1665 1314 comitata
1684 1267 1802 1329 pha-

153 1349 278 1406 gfetris
310 1340 460 1388 Turba
505 1348 606 1395 ruit,
631 1340 898 1405 striduntque
918 1342 1164 1402 sagittiferi
1191 1341 1603 1403 c07yt1';-—exsultat
1642 1350 1803 1390 vertice

153 1422 300 1478 montis
348 1414 534 1470 Gratum
577 1410 836 1476 perlzfirans
879 1411 997 1459 oculis
1047 1414 1231 1461 Latonia
1278 1415 1490 1476 praedam.
1555 1425 1632 1461 aut
1676 1415 1801 1463 illam

159 1488 410 1537 Claudiani
434 1488 494 1546 R.
521 1487 569 1535 P.
594 1486 662 1542 II,
689 1487 900 1549 62-70,
931 1486 1011 1532 ubi
1037 1489 1321 1535 Amazonum
1350 1490 1482 1536 cohors
1515 1500 1802 1540 memoratur.

119 1565 351 1627 ,A‘Scilicet
380 1581 471 1613 non
510 1562 762 1611 meminere
794 1562 883 1609 viri
919 1561 1059 1616 docti,
1094 1579 1200 1610 curn
1238 1563 1526 1627 antiquorum
1565 1565 1803 1614 hominum

156 1657 289 1703 more
328 1639 522 1692 solennis
556 1638 603 1686 in
627 1636 885 1685 solennibus
910 1637 1028 1684 festis
1052 1650 1097 1684 et
1116 1638 1344 1686 sacrificiis
1371 1641 1477 1688 esset
1498 1639 1676 1687 saltatio
1698 1657 1802 1689 cum

162 1728 320 1771 cantu,
356 1715 584 1762 traductas
624 1715 712 1761 effe
753 1713 964 1767 choreas,
998 1727 1048 1760 ut
1088 1714 1178 1761 alia
1218 1714 1326 1763 vitae
1369 1717 1575 1762 humanae
1614 1717 1804 1780 gaudia,

158 1790 220 1838 ad
253 1791 440 1838 beatam
477 1789 668 1836 deorum
700 1787 865 1836 vitam.
931 1787 1148 1851 Inprimis
1184 1802 1335 1836 autem
1364 1791 1586 1854 puellares
1617 1792 1805 1846 choreas

159 1864 392 1912 dederunt
425 1875 604 1911 veteres
643 1862 820 1911 Veneri
854 1878 960 1909 cum
996 1863 1171 1909 Gratiis
1209 1876 1256 1911 et
1283 1865 1550 1928 Nymphis;
1584 1865 1709 1927 quod
1746 1882 1805 1913 ex

96 1967 98 1969 >
159 1938 219 1987 iis
266 1939 317 1986 in
358 1939 483 1991 suum
517 1954 703 1985 carmen
743 1936 976 1989 derivavit
1009 1937 1175 1985 Horat.
1217 1940 1262 1993 I,
1309 1957 1359 2003 4,
1406 1953 1457 1987 et
1500 1939 1665 1988 Dianae
1700 1957 1806 1988 cum

147 2013 428 2079 JNymphis,
461 2031 508 2063 v.
546 2030 587 2062 c.
631 2011 755 2076 apud
796 2011 982 2058 Callim.
1023 2012 1071 2058 in
1105 2012 1247 2060 Dian.
1286 2030 1375 2078 170
1415 2015 1500 2079 sq.,
1552 2014 1671 2061 unde
1710 2014 1807 2076 ejus

93 2153 99 2156 ‘
161 2084 403 2153 Nymphae
438 2088 656 2152 χοςῆτιδξς
691 2105 737 2134 ν.
783 2103 856 2152 13.
897 2102 971 2151 14.
1041 2089 1099 2135 In
1129 2089 1292 2136 talibus
1333 2103 1488 2139 autem
1510 2089 1661 2137 choris
1684 2088 1808 2140 haud

146 2163 322 2227 ‚dubita
369 2158 470 2233 quae
505 2160 752 2226 'procerior
793 2174 840 2217 et
872 2162 1109 2225 pulchrior
1152 2165 1214 2211 est
1257 2181 1470 2229 corpore,
1520 2163 1692 2210 eminet
1735 2163 1807 2210 su-

163 2257 249 2309 per
284 2250 492 2297 caeteras.
562 2238 721 2285 Aliam
761 2238 888 2285 viam
925 2238 1146 2301 ingressus
1190 2252 1289 2287 erat
1332 2241 1539 2304 Apelles,
1574 2238 1655 2302 qui
1688 2240 1808 2285 Dia-

161 2335 263 2366 nam
284 2315 502 2379 pinxerat
508 2317 857 2378 fhcrfficantssum
881 2318 1109 2378 virginum
1148 2315 1269 2362 choro
1306 2320 1487 2363 mixtam
1507 2333 1523 2361 .·
1560 2313 1708 2377 quibus
1730 2318 1810 2360 ‹vi-

165 2393 256 2455 cff'ffl’
292 2392 471 2437 Homeri
523 2392 674 2453 verjfits
715 2387 978 2442 videbatur,
1026 2392 1078 2435 id
1116 2391 1245 2451 ipsicm
1291 2390 1580 2450 dcstribentis.
1685 2386 1809 2434 Plin.

165 2465 377 2519 XXXV,
411 2465 492 2530 36,
523 2479 597 2528 17.
665 2463 821 2512 Velim
850 2465 1009 2528 utique
1034 2463 1229 2512 Plinium
1253 2478 1332 2512 aut
1361 2465 1569 2512 disertius
1606 2473 1685 2510 aut
1706 2462 1811 2509 sub-

165 2538 291 2588 tilius
334 2555 432 2587 rem
471 2538 756 2603 exposuifl‘e3
794 2539 822 2584 ,i
860 2537 987 2585 sacra
1026 2537 1247 2586 facientes
1287 2539 1451 2602 puellae
1488 2539 1681 2585 chorum
1721 2535 1809 2583 du-

167 2614 353 2679 cebant,
389 2631 482 2663 non
503 2614 619 2661 bene
650 2611 943 2676 intelligitur,
979 2629 1072 2677 quo
1099 2612 1205 2672 jure
1244 2614 1448 2661 Dianam
1487 2612 1576 2659 illis
1612 2610 1810 2658 inserere

156 2694 383 2755 ‘potuerat
417 2691 635 2759 Apelles:
671 2689 748 2736 cui
784 2688 908 2736 enim
946 2688 1072 2736 sacra
1107 2688 1307 2737 faciebat
1346 2688 1466 2737 dea?
1502 2698 1581 2735 aut
1615 2700 1809 2749 quomo-

167 2762 231 2816 ’ἆο
255 2767 391 2829 sacris
415 2768 491 2816 seu
520 2767 608 2826 suis
647 2766 721 2813 seu
746 2765 904 2814 alienis
936 2766 1142 2814 intereffe
1176 2765 1256 2813 illa
1286 2769 1506 2829 poterat?
1543 2765 1670 2811 Tum
1694 2777 1812 2825 quo-

169 2841 312 2902 modo
334 2842 503 2902 artifex
539 2840 740 2890 Homeri
777 2840 931 2898 versus
973 2839 1157 2888 vincere
1188 2839 1285 2887 dici
1324 2838 1474 2901 potuit
1505 2840 1557 2885 id
1587 2838 1717 2898 ipfhm
1736 2838 1810 2883 de-

150 2915 429 2981 scribene‘is!
465 2932 572 2976 cum
608 2915 843 2963 Homerus
881 2915 1021 2981 longe
1061 2913 1198 2962 aliam
1240 2912 1408 2961 Dianae
1436 2927 1542 2959 cum
1577 2907 1812 2972 Nymphis

153 2987 373 3043 'ludentis
416 2990 614 3055 speciem
653 2990 935 3055 expresserit.
1041 2988 1271 3037 Dubitare
1311 3003 1495 3050 quoque
1537 2984 1665 3038 licet,
1699 2984 1811 3031 fitne

151 3066 501 3135 ‘sacrificantium
524 3068 753 3128 ‘virginum
774 3065 923 3111 chorus
945 3061 1004 3111 de
1040 3064 1183 3111 choro
1212 3061 1400 3125 proprie
1423 3059 1545 3107 (Ιίἃο
1578 3056 1808 3120 accipien-

155 3135 317 3197 ¹'dum3
352 3154 412 3189 an
448 3139 594 3199 chorus
628 3138 773 3186 dictus
812 3139 866 3187 fit
902 3154 988 3202 pro
1023 3137 1156 3184 turba
1195 3152 1249 3183 ac
1286 3132 1608 3183 multitudine:
1646 3144 1696 3178 ut
1729 3147 1808 3194 ap.

175 3212 325 3263 Ovid.
362 3215 414 3261 ΙΙ
440 3215 564 3261 Met.
590 3228 679 3277 441
709 3213 808 3278 sqq.
875 3213 981 3261 Ecce
997 3216 1078 3275 fico
1114 3214 1316 3257 comitata
1348 3208 1468 3255 choro
1496 3206 1718 3268 Didi—‘yma
1732 3216 1814 3267 per

154 3287 310 3354 'altum
342 3287 563 3339 Maenalon
596 3291 836 3351 ingrediens
867 3301 959 3337 etc.
1026 3289 1232 3334 Eurotam
1264 3281 1424 3331 tribuit
1459 3280 1625 3329 Dianae
1645 3277 1813 3346 'Virgi-

171 3362 282 3434 lius,
331 3362 581 3440 Laconiqae
612 3362 828 3435 fiuvium,
879 3361 961 3429 qui
1006 3360 1240 3439 Taygetum
1280 3368 1454 3420 montem
1495 3354 1641 3420 alluit,
1673 3368 1814 3420 quem

494 3449 497 3451 ’
556 3443 563 3449 ·
607 3442 610 3446 ·
677 3443 681 3447 ·
897 3436 905 3444 ”
1577 3429 1811 3480 Homerus
