<?xml version="1.0" encoding="UTF-8"?>
<!DOCTYPE html PUBLIC "-//W3C//DTD XHTML 1.0 Transitional//EN"
    "http://www.w3.org/TR/xhtml1/DTD/xhtml1-transitional.dtd">
<html xmlns="http://www.w3.org/1999/xhtml" xml:lang="en" lang="en">
 <head>
  <title>
</title>
<meta http-equiv="Content-Type" content="text/html;charset=utf-8" />
  <meta name='ocr-system' content='tesseract 3.04.00' />
  <meta name='ocr-capabilities' content='ocr_page ocr_carea ocr_par ocr_line ocrx_word'/>
</head>
<body>
  <div class='ocr_page' id='page_1' title='image "./operavarietatele02virguoft/operavarietatele02virguoft_0268.png"; bbox 0 0 2294 4030; ppageno 0'>
   <div class='ocr_carea' id='block_1_1' title="bbox 338 3575 353 3600">
    <p class='ocr_par' dir='ltr' id='par_1_1' title="bbox 338 3575 353 3600">
     <span class='ocr_line' id='line_1_1' title="bbox 338 3575 353 3600; baseline 0 0"><span class='ocrx_word' id='word_1_1' title='bbox 338 3575 353 3600; x_wconf 74' lang='lat' dir='ltr'><em>t</em></span> 
     </span>
    </p>
   </div>
   <div class='ocr_carea' id='block_1_2' title="bbox 435 369 1866 460">
    <p class='ocr_par' dir='ltr' id='par_1_2' title="bbox 435 369 1866 460">
     <span class='ocr_line' id='line_1_2' title="bbox 435 369 1866 460; baseline 0.011 -33"><span class='ocrx_word' id='word_1_2' title='bbox 435 379 551 444; x_wconf 75' lang='lat'>172</span> <span class='ocrx_word' id='word_1_3' title='bbox 672 370 742 432; x_wconf 91' lang='lat' dir='ltr'>P.</span> <span class='ocrx_word' id='word_1_4' title='bbox 786 369 1279 440; x_wconf 24' lang='lat' dir='ltr'>,VIRGILII</span> <span class='ocrx_word' id='word_1_5' title='bbox 1330 373 1866 460; x_wconf 20' lang='lat' dir='ltr'><strong>*MA-RONIS</strong></span> 
     </span>
    </p>
   </div>
   <div class='ocr_carea' id='block_1_3' title="bbox 343 537 1975 738">
    <p class='ocr_par' dir='ltr' id='par_1_3' title="bbox 343 537 1975 738">
     <span class='ocr_line' id='line_1_3' title="bbox 388 537 1975 622; baseline 0.008 -24"><span class='ocrx_word' id='word_1_6' title='bbox 388 573 391 576; x_wconf 57' lang='lat'><em>&lt;</em></span> <span class='ocrx_word' id='word_1_7' title='bbox 435 537 616 611; x_wconf 86' lang='lat' dir='ltr'>Nunc</span> <span class='ocrx_word' id='word_1_8' title='bbox 645 554 881 610; x_wconf 86' lang='lat' dir='ltr'>tantum</span> <span class='ocrx_word' id='word_1_9' title='bbox 905 542 1081 616; x_wconf 66' lang='lat' dir='ltr'>sium,</span> <span class='ocrx_word' id='word_1_10' title='bbox 1110 559 1167 604; x_wconf 90' lang='lat' dir='ltr'>et</span> <span class='ocrx_word' id='word_1_11' title='bbox 1190 544 1360 604; x_wconf 87' lang='lat' dir='ltr'>statio</span> <span class='ocrx_word' id='word_1_12' title='bbox 1389 547 1543 607; x_wconf 85' lang='lat' dir='ltr'>male</span> <span class='ocrx_word' id='word_1_13' title='bbox 1572 548 1694 620; x_wconf 76' lang='lat' dir='ltr'>fida·</span> <span class='ocrx_word' id='word_1_14' title='bbox 1719 549 1975 622; x_wconf 67' lang='lat' dir='ltr'>carinisz⁸</span> 
     </span>
     <span class='ocr_line' id='line_1_4' title="bbox 343 638 1830 738; baseline 0.008 -22"><span class='ocrx_word' id='word_1_15' title='bbox 343 638 352 649; x_wconf 54' lang='grc'><strong><em>’</em></strong></span> <span class='ocrx_word' id='word_1_16' title='bbox 435 657 582 717; x_wconf 88' lang='lat' dir='ltr'>Huc</span> <span class='ocrx_word' id='word_1_17' title='bbox 612 657 670 716; x_wconf 90' lang='lat' dir='ltr'>se</span> <span class='ocrx_word' id='word_1_18' title='bbox 696 659 963 738; x_wconf 70' lang='lat' dir='ltr'>provec&#39;ti</span> <span class='ocrx_word' id='word_1_19' title='bbox 990 659 1214 720; x_wconf 87' lang='lat' dir='ltr'>deserto</span> <span class='ocrx_word' id='word_1_20' title='bbox 1250 661 1314 720; x_wconf 90' lang='lat' dir='ltr'>in</span> <span class='ocrx_word' id='word_1_21' title='bbox 1349 661 1517 723; x_wconf 90' lang='lat' dir='ltr'>litore</span> <span class='ocrx_word' id='word_1_22' title='bbox 1543 664 1830 728; x_wconf 59' lang='lat' dir='ltr'>condunt.</span> 
     </span>
    </p>
   </div>
   <div class='ocr_carea' id='block_1_4' title="bbox 431 769 2072 970">
    <p class='ocr_par' dir='ltr' id='par_1_4' title="bbox 431 769 2072 970">
     <span class='ocr_line' id='line_1_5' title="bbox 434 769 2072 865; baseline 0.007 -35"><span class='ocrx_word' id='word_1_23' title='bbox 434 770 567 831; x_wconf 91' lang='lat' dir='ltr'>Nos</span> <span class='ocrx_word' id='word_1_24' title='bbox 597 772 797 833; x_wconf 87' lang='lat' dir='ltr'>abiiffe</span> <span class='ocrx_word' id='word_1_25' title='bbox 824 775 956 847; x_wconf 88' lang='lat' dir='ltr'>rati,</span> <span class='ocrx_word' id='word_1_26' title='bbox 997 790 1057 834; x_wconf 85' lang='lat' dir='ltr'>et</span> <span class='ocrx_word' id='word_1_27' title='bbox 1084 790 1264 834; x_wconf 90' lang='lat' dir='ltr'>vento</span> <span class='ocrx_word' id='word_1_28' title='bbox 1290 776 1519 855; x_wconf 88' lang='lat' dir='ltr'>petiiffe</span> <span class='ocrx_word' id='word_1_29' title='bbox 1543 769 1832 857; x_wconf 83' lang='lat' dir='ltr'>Mycenas</span> <span class='ocrx_word' id='word_1_30' title='bbox 1856 802 1873 839; x_wconf 78' lang='lat' dir='ltr'><em>z</em></span> <span class='ocrx_word' id='word_1_31' title='bbox 1999 797 2030 840; x_wconf 84' lang='lat'>2</span> <span class='ocrx_word' id='word_1_32' title='bbox 2039 795 2072 865; x_wconf 74' lang='grc'><em>3</em></span> 
     </span>
     <span class='ocr_line' id='line_1_6' title="bbox 431 887 1823 970; baseline 0.008 -26"><span class='ocrx_word' id='word_1_33' title='bbox 431 887 603 966; x_wconf 85' lang='lat' dir='ltr'>Ergo</span> <span class='ocrx_word' id='word_1_34' title='bbox 632 889 829 947; x_wconf 88' lang='lat' dir='ltr'>omnis</span> <span class='ocrx_word' id='word_1_35' title='bbox 858 889 1041 970; x_wconf 83' lang='lat' dir='ltr'>longo</span> <span class='ocrx_word' id='word_1_36' title='bbox 1063 889 1238 950; x_wconf 90' lang='lat' dir='ltr'>solvit</span> <span class='ocrx_word' id='word_1_37' title='bbox 1265 892 1323 951; x_wconf 89' lang='lat' dir='ltr'>se</span> <span class='ocrx_word' id='word_1_38' title='bbox 1353 893 1612 953; x_wconf 85' lang='lat' dir='ltr'>Teucria</span> <span class='ocrx_word' id='word_1_39' title='bbox 1638 895 1823 955; x_wconf 64' lang='lat' dir='ltr'>lustu.</span> 
     </span>
    </p>
   </div>
   <div class='ocr_carea' id='block_1_5' title="bbox 429 1001 2111 1084">
    <p class='ocr_par' dir='ltr' id='par_1_5' title="bbox 429 1001 2111 1084">
     <span class='ocr_line' id='line_1_7' title="bbox 429 1001 2111 1084; baseline 0.005 -21"><span class='ocrx_word' id='word_1_40' title='bbox 429 1001 780 1068; x_wconf 87' lang='lat' dir='ltr'>Panduntur</span> <span class='ocrx_word' id='word_1_41' title='bbox 806 1021 1016 1084; x_wconf 85' lang='lat' dir='ltr'>portae.</span> <span class='ocrx_word' id='word_1_42' title='bbox 1100 1005 1279 1082; x_wconf 83' lang='lat' dir='ltr'>Juvat</span> <span class='ocrx_word' id='word_1_43' title='bbox 1303 1004 1407 1077; x_wconf 90' lang='lat' dir='ltr'>ire,</span> <span class='ocrx_word' id='word_1_44' title='bbox 1436 1022 1495 1065; x_wconf 86' lang='lat' dir='ltr'>et</span> <span class='ocrx_word' id='word_1_45' title='bbox 1524 1007 1747 1076; x_wconf 90' lang='lat' dir='ltr'>Dorica</span> <span class='ocrx_word' id='word_1_46' title='bbox 1771 1010 1968 1070; x_wconf 79' lang='lat' dir='ltr'>cast-ra&#39;</span> <span class='ocrx_word' id='word_1_47' title='bbox 2033 1007 2078 1070; x_wconf 64' lang='grc' dir='ltr'>’ῖῖ</span> <span class='ocrx_word' id='word_1_48' title='bbox 2107 1030 2111 1034; x_wconf 84' lang='grc'><strong><em>’</em></strong></span> 
     </span>
    </p>
   </div>
   <div class='ocr_carea' id='block_1_6' title="bbox 420 1118 2078 1433">
    <p class='ocr_par' dir='ltr' id='par_1_6' title="bbox 420 1118 2078 1433">
     <span class='ocr_line' id='line_1_8' title="bbox 426 1118 1845 1200; baseline 0.004 -22"><span class='ocrx_word' id='word_1_49' title='bbox 426 1118 824 1200; x_wconf 86' lang='lat' dir='ltr'>Desertosque</span> <span class='ocrx_word' id='word_1_50' title='bbox 853 1121 1053 1180; x_wconf 85' lang='lat' dir='ltr'>vider-e</span> <span class='ocrx_word' id='word_1_51' title='bbox 1079 1122 1240 1180; x_wconf 86' lang='lat' dir='ltr'>locos</span> <span class='ocrx_word' id='word_1_52' title='bbox 1269 1120 1522 1200; x_wconf 87' lang='lat' dir='ltr'>litusque</span> <span class='ocrx_word' id='word_1_53' title='bbox 1550 1123 1845 1193; x_wconf 62' lang='lat' dir='ltr'>relictum.</span> 
     </span>
     <span class='ocr_line' id='line_1_9' title="bbox 427 1234 2075 1349; baseline 0.003 -54"><span class='ocrx_word' id='word_1_54' title='bbox 427 1234 558 1295; x_wconf 90' lang='lat' dir='ltr'>Hic</span> <span class='ocrx_word' id='word_1_55' title='bbox 579 1237 887 1317; x_wconf 86' lang='lat' dir='ltr'>Dolopum</span> <span class='ocrx_word' id='word_1_56' title='bbox 906 1258 1132 1321; x_wconf 77' lang='lat' dir='ltr'>manUS,</span> <span class='ocrx_word' id='word_1_57' title='bbox 1149 1238 1248 1297; x_wconf 92' lang='lat' dir='ltr'>hic</span> <span class='ocrx_word' id='word_1_58' title='bbox 1270 1238 1454 1349; x_wconf 58' lang='lat' dir='ltr'>saeyus</span> <span class='ocrx_word' id='word_1_59' title='bbox 1477 1238 1758 1313; x_wconf 83' lang='lat' dir='ltr'>tendebat</span> <span class='ocrx_word' id='word_1_60' title='bbox 1778 1239 2075 1314; x_wconf 72' lang='lat' dir='ltr'>Achillesz⁴</span> 
     </span>
     <span class='ocr_line' id='line_1_10' title="bbox 420 1349 2078 1433; baseline 0.004 -25"><span class='ocrx_word' id='word_1_61' title='bbox 420 1349 716 1422; x_wconf 14' lang='lat' dir='ltr'>,Clasfibus</span> <span class='ocrx_word' id='word_1_62' title='bbox 752 1353 850 1419; x_wconf 87' lang='lat' dir='ltr'>hic</span> <span class='ocrx_word' id='word_1_63' title='bbox 878 1353 1078 1411; x_wconf 85' lang='lat' dir='ltr'>locus:</span> <span class='ocrx_word' id='word_1_64' title='bbox 1125 1351 1220 1411; x_wconf 92' lang='lat' dir='ltr'>hic</span> <span class='ocrx_word' id='word_1_65' title='bbox 1251 1353 1376 1411; x_wconf 85' lang='lat' dir='ltr'>acie</span> <span class='ocrx_word' id='word_1_66' title='bbox 1401 1367 1624 1411; x_wconf 86' lang='lat' dir='ltr'>certare</span> <span class='ocrx_word' id='word_1_67' title='bbox 1648 1352 1932 1413; x_wconf 88' lang='lat' dir='ltr'>solebant.</span> <span class='ocrx_word' id='word_1_68' title='bbox 1993 1373 2078 1433; x_wconf 85' lang='lat'>30</span> 
     </span>
    </p>
   </div>
   <div class='ocr_carea' id='block_1_7' title="bbox 418 1517 2076 2171">
    <p class='ocr_par' dir='ltr' id='par_1_7' title="bbox 418 1517 2076 2155">
     <span class='ocr_line' id='line_1_11' title="bbox 482 1517 2072 1576; baseline -0.001 -18"><span class='ocrx_word' id='word_1_69' title='bbox 482 1528 551 1565; x_wconf 75' lang='lat'>24.</span> <span class='ocrx_word' id='word_1_70' title='bbox 571 1521 722 1572; x_wconf 67' lang='lat' dir='ltr'>pmjeffi</span> <span class='ocrx_word' id='word_1_71' title='bbox 748 1517 932 1571; x_wconf 86' lang='lat' dir='ltr'>Longob.</span> <span class='ocrx_word' id='word_1_72' title='bbox 966 1518 1032 1557; x_wconf 85' lang='lat' dir='ltr'>sed</span> <span class='ocrx_word' id='word_1_73' title='bbox 1052 1517 1135 1557; x_wconf 88' lang='lat' dir='ltr'>est:</span> <span class='ocrx_word' id='word_1_74' title='bbox 1165 1520 1235 1557; x_wconf 87' lang='lat' dir='ltr'>huc</span> <span class='ocrx_word' id='word_1_75' title='bbox 1254 1521 1420 1572; x_wconf 65' lang='lat' dir='ltr'>proveffi</span> <span class='ocrx_word' id='word_1_76' title='bbox 1455 1518 1604 1559; x_wconf 84' lang='lat' dir='ltr'>condunt</span> <span class='ocrx_word' id='word_1_77' title='bbox 1625 1518 1677 1576; x_wconf 81' lang='lat' dir='ltr'>se.</span> <span class='ocrx_word' id='word_1_78' title='bbox 1732 1520 1778 1558; x_wconf 88' lang='lat' dir='ltr'>In</span> <span class='ocrx_word' id='word_1_79' title='bbox 1813 1518 1938 1557; x_wconf 90' lang='lat' dir='ltr'>Goth.</span> <span class='ocrx_word' id='word_1_80' title='bbox 1974 1525 2072 1558; x_wconf 83' lang='lat' dir='ltr'>tert·</span> 
     </span>
     <span class='ocr_line' id='line_1_12' title="bbox 426 1579 2076 1637; baseline 0.001 -17"><span class='ocrx_word' id='word_1_81' title='bbox 426 1582 579 1621; x_wconf 85' lang='lat' dir='ltr'>condunt</span> <span class='ocrx_word' id='word_1_82' title='bbox 617 1581 660 1619; x_wconf 91' lang='lat' dir='ltr'>in</span> <span class='ocrx_word' id='word_1_83' title='bbox 691 1594 823 1633; x_wconf 80' lang='lat' dir='ltr'>marg.</span> <span class='ocrx_word' id='word_1_84' title='bbox 870 1581 936 1620; x_wconf 87' lang='lat' dir='ltr'>vel</span> <span class='ocrx_word' id='word_1_85' title='bbox 960 1593 1107 1635; x_wconf 86' lang='lat' dir='ltr'>ponunt.</span> <span class='ocrx_word' id='word_1_86' title='bbox 1221 1593 1290 1630; x_wconf 82' lang='lat'>25.</span> <span class='ocrx_word' id='word_1_87' title='bbox 1340 1579 1418 1620; x_wconf 39' lang='lat' dir='ltr'>Vos*</span> <span class='ocrx_word' id='word_1_88' title='bbox 1448 1594 1484 1621; x_wconf 86' lang='lat' dir='ltr'>et</span> <span class='ocrx_word' id='word_1_89' title='bbox 1513 1583 1618 1637; x_wconf 73' lang='lat' dir='ltr'>abffl</span> <span class='ocrx_word' id='word_1_90' title='bbox 1657 1583 1717 1623; x_wconf 91' lang='lat' dir='ltr'>ed.</span> <span class='ocrx_word' id='word_1_91' title='bbox 1759 1584 1864 1623; x_wconf 83' lang='lat' dir='ltr'>Ven.</span> <span class='ocrx_word' id='word_1_92' title='bbox 1893 1594 2076 1637; x_wconf 82' lang='lat' dir='ltr'>ventoque</span> 
     </span>
     <span class='ocr_line' id='line_1_13' title="bbox 418 1645 1964 1702; baseline 0.003 -19"><span class='ocrx_word' id='word_1_93' title='bbox 418 1649 542 1702; x_wconf 67' lang='lat' dir='ltr'>petg&#39;ffe</span> <span class='ocrx_word' id='word_1_94' title='bbox 574 1647 736 1698; x_wconf 84' lang='lat' dir='ltr'>Menag.</span> <span class='ocrx_word' id='word_1_95' title='bbox 781 1660 839 1698; x_wconf 92' lang='lat' dir='ltr'>pr.</span> <span class='ocrx_word' id='word_1_96' title='bbox 877 1655 918 1684; x_wconf 87' lang='lat' dir='ltr'>et</span> <span class='ocrx_word' id='word_1_97' title='bbox 951 1645 1067 1685; x_wconf 88' lang='lat' dir='ltr'>Leid.</span> <span class='ocrx_word' id='word_1_98' title='bbox 1162 1645 1266 1700; x_wconf 82' lang='lat' dir='ltr'>abiffe</span> <span class='ocrx_word' id='word_1_99' title='bbox 1295 1654 1336 1684; x_wconf 91' lang='lat' dir='ltr'>et</span> <span class='ocrx_word' id='word_1_100' title='bbox 1369 1649 1491 1701; x_wconf 70' lang='lat' dir='ltr'>petg&#39;ffi:</span> <span class='ocrx_word' id='word_1_101' title='bbox 1525 1647 1649 1685; x_wconf 85' lang='lat' dir='ltr'>etiam</span> <span class='ocrx_word' id='word_1_102' title='bbox 1682 1647 1723 1686; x_wconf 86' lang='lat' dir='ltr'>in</span> <span class='ocrx_word' id='word_1_103' title='bbox 1762 1649 1964 1687; x_wconf 89' lang='lat' dir='ltr'>Romano.</span> 
     </span>
     <span class='ocr_line' id='line_1_14' title="bbox 427 1707 2076 1766; baseline 0.001 -16"><span class='ocrx_word' id='word_1_104' title='bbox 427 1710 494 1750; x_wconf 84' lang='lat'>26.</span> <span class='ocrx_word' id='word_1_105' title='bbox 515 1710 630 1765; x_wconf 80' lang='lat' dir='ltr'>solvit</span> <span class='ocrx_word' id='word_1_106' title='bbox 662 1710 758 1763; x_wconf 83' lang='lat' dir='ltr'>longo</span> <span class='ocrx_word' id='word_1_107' title='bbox 766 1710 807 1765; x_wconf 87' lang='lat' dir='ltr'>se</span> <span class='ocrx_word' id='word_1_108' title='bbox 828 1707 1023 1748; x_wconf 88' lang='lat' dir='ltr'>Montalb.</span> <span class='ocrx_word' id='word_1_109' title='bbox 1069 1708 1111 1763; x_wconf 86' lang='lat' dir='ltr'>se</span> <span class='ocrx_word' id='word_1_110' title='bbox 1137 1708 1243 1747; x_wconf 88' lang='lat' dir='ltr'>deest</span> <span class='ocrx_word' id='word_1_111' title='bbox 1271 1709 1427 1749; x_wconf 88' lang='lat' dir='ltr'>Moret.</span> <span class='ocrx_word' id='word_1_112' title='bbox 1451 1709 1523 1748; x_wconf 89' lang='lat' dir='ltr'>sec.</span> <span class='ocrx_word' id='word_1_113' title='bbox 1574 1711 1741 1766; x_wconf 64' lang='lat' dir='ltr'>pffuitse</span> <span class='ocrx_word' id='word_1_114' title='bbox 1767 1711 1901 1750; x_wconf 90' lang='lat' dir='ltr'>Schol.</span> <span class='ocrx_word' id='word_1_115' title='bbox 1925 1712 2076 1753; x_wconf 82' lang='lat' dir='ltr'>Horat.</span> 
     </span>
     <span class='ocr_line' id='line_1_15' title="bbox 426 1774 2074 1830; baseline 0.002 -16"><span class='ocrx_word' id='word_1_116' title='bbox 426 1777 488 1814; x_wconf 87' lang='lat' dir='ltr'>IV</span> <span class='ocrx_word' id='word_1_117' title='bbox 528 1776 606 1814; x_wconf 88' lang='lat' dir='ltr'>Od.</span> <span class='ocrx_word' id='word_1_118' title='bbox 649 1774 687 1822; x_wconf 88' lang='lat'>6,</span> <span class='ocrx_word' id='word_1_119' title='bbox 731 1775 879 1815; x_wconf 80' lang='lat' dir='ltr'>scilicet</span> <span class='ocrx_word' id='word_1_120' title='bbox 930 1775 1172 1827; x_wconf 81' lang='lat' dir='ltr'>explicuerat</span> <span class='ocrx_word' id='word_1_121' title='bbox 1214 1788 1287 1827; x_wconf 88' lang='lat' dir='ltr'>per</span> <span class='ocrx_word' id='word_1_122' title='bbox 1316 1776 1432 1830; x_wconf 63' lang='lat' dir='ltr'>pffuit,</span> <span class='ocrx_word' id='word_1_123' title='bbox 1467 1777 1612 1816; x_wconf 66' lang='lat' dir='ltr'>luelum.</span> <span class='ocrx_word' id='word_1_124' title='bbox 1724 1788 1791 1827; x_wconf 78' lang='lat'>27.</span> <span class='ocrx_word' id='word_1_125' title='bbox 1839 1778 1893 1818; x_wconf 85' lang='lat' dir='ltr'>ad</span> <span class='ocrx_word' id='word_1_126' title='bbox 1935 1780 2074 1822; x_wconf 79' lang='lat' dir='ltr'>Dorica</span> 
     </span>
     <span class='ocr_line' id='line_1_16' title="bbox 422 1839 2074 1897; baseline 0.002 -18"><span class='ocrx_word' id='word_1_127' title='bbox 422 1856 456 1879; x_wconf 88' lang='lat' dir='ltr'>c.</span> <span class='ocrx_word' id='word_1_128' title='bbox 477 1839 701 1893; x_wconf 67' lang='lat' dir='ltr'>Desertosque</span> <span class='ocrx_word' id='word_1_129' title='bbox 719 1841 816 1887; x_wconf 83' lang='lat' dir='ltr'>locos,</span> <span class='ocrx_word' id='word_1_130' title='bbox 834 1840 982 1895; x_wconf 84' lang='lat' dir='ltr'>litusque</span> <span class='ocrx_word' id='word_1_131' title='bbox 1000 1839 1125 1878; x_wconf 83' lang='lat' dir='ltr'>videre</span> <span class='ocrx_word' id='word_1_132' title='bbox 1137 1840 1295 1886; x_wconf 63' lang='lat' dir='ltr'>reliflum</span> <span class='ocrx_word' id='word_1_133' title='bbox 1313 1839 1605 1880; x_wconf 70' lang='lat' dir='ltr'>Wittian.-——</span> <span class='ocrx_word' id='word_1_134' title='bbox 1615 1851 1678 1892; x_wconf 87' lang='lat'>29.</span> <span class='ocrx_word' id='word_1_135' title='bbox 1699 1841 1849 1897; x_wconf 74' lang='lat' dir='ltr'><em>staevus</em></span> <span class='ocrx_word' id='word_1_136' title='bbox 1869 1844 2007 1885; x_wconf 83' lang='lat' dir='ltr'>Franc.</span> <span class='ocrx_word' id='word_1_137' title='bbox 2026 1850 2074 1882; x_wconf 83' lang='lat' dir='ltr'>ut</span> 
     </span>
     <span class='ocr_line' id='line_1_17' title="bbox 422 1901 2068 1958; baseline 0.001 -15"><span class='ocrx_word' id='word_1_138' title='bbox 422 1903 475 1943; x_wconf 84' lang='lat' dir='ltr'>al.</span> <span class='ocrx_word' id='word_1_139' title='bbox 532 1903 654 1943; x_wconf 82' lang='lat' dir='ltr'><em>Ulixes</em></span> <span class='ocrx_word' id='word_1_140' title='bbox 675 1916 734 1954; x_wconf 90' lang='lat' dir='ltr'>pr.</span> <span class='ocrx_word' id='word_1_141' title='bbox 756 1902 982 1954; x_wconf 84' lang='lat' dir='ltr'>Hamburg.</span> <span class='ocrx_word' id='word_1_142' title='bbox 1099 1914 1161 1950; x_wconf 87' lang='lat'>30.</span> <span class='ocrx_word' id='word_1_143' title='bbox 1183 1905 1257 1941; x_wconf 84' lang='lat' dir='ltr'>acie</span> <span class='ocrx_word' id='word_1_144' title='bbox 1270 1901 1403 1943; x_wconf 88' lang='lat' dir='ltr'>Heins.</span> <span class='ocrx_word' id='word_1_145' title='bbox 1427 1916 1448 1941; x_wconf 92' lang='lat' dir='ltr'>e</span> <span class='ocrx_word' id='word_1_146' title='bbox 1468 1902 1714 1950; x_wconf 85' lang='lat' dir='ltr'>melioribus,</span> <span class='ocrx_word' id='word_1_147' title='bbox 1742 1904 1927 1958; x_wconf 87' lang='lat' dir='ltr'>inprimis</span> <span class='ocrx_word' id='word_1_148' title='bbox 1943 1906 2068 1950; x_wconf 85' lang='lat' dir='ltr'>Rom.</span> 
     </span>
     <span class='ocr_line' id='line_1_18' title="bbox 424 1960 2071 2019; baseline 0.002 -13"><span class='ocrx_word' id='word_1_149' title='bbox 424 1967 583 2007; x_wconf 87' lang='lat' dir='ltr'><strong>Medic.</strong></span> <span class='ocrx_word' id='word_1_150' title='bbox 605 1968 710 2005; x_wconf 93' lang='lat' dir='ltr'>Gud.</span> <span class='ocrx_word' id='word_1_151' title='bbox 740 1967 864 2019; x_wconf 84' lang='lat' dir='ltr'>vulgo</span> <span class='ocrx_word' id='word_1_152' title='bbox 882 1970 989 2013; x_wconf 83' lang='lat' dir='ltr'>acies,</span> <span class='ocrx_word' id='word_1_153' title='bbox 1009 1966 1116 2017; x_wconf 90' lang='lat' dir='ltr'>quod</span> <span class='ocrx_word' id='word_1_154' title='bbox 1143 1974 1292 2018; x_wconf 84' lang='lat' dir='ltr'>praeter</span> <span class='ocrx_word' id='word_1_155' title='bbox 1312 1966 1441 2014; x_wconf 63' lang='lat' dir='ltr'>codd„</span> <span class='ocrx_word' id='word_1_156' title='bbox 1468 1967 1574 2006; x_wconf 89' lang='lat' dir='ltr'>inter</span> <span class='ocrx_word' id='word_1_157' title='bbox 1590 1981 1689 2019; x_wconf 85' lang='lat' dir='ltr'>quos</span> <span class='ocrx_word' id='word_1_158' title='bbox 1708 1982 1847 2008; x_wconf 89' lang='lat' dir='ltr'>omncs</span> <span class='ocrx_word' id='word_1_159' title='bbox 1873 1960 2071 2019; x_wconf 73' lang='lat' dir='ltr'>Gothani,</span> 
     </span>
     <span class='ocr_line' id='line_1_19' title="bbox 422 2030 2070 2086; baseline 0.002 -16"><span class='ocrx_word' id='word_1_160' title='bbox 422 2030 664 2070; x_wconf 86' lang='lat' dir='ltr'>Rufinianus</span> <span class='ocrx_word' id='word_1_161' title='bbox 684 2031 732 2069; x_wconf 89' lang='lat' dir='ltr'>de</span> <span class='ocrx_word' id='word_1_162' title='bbox 753 2031 906 2069; x_wconf 91' lang='lat' dir='ltr'>Schem.</span> <span class='ocrx_word' id='word_1_163' title='bbox 925 2033 1018 2069; x_wconf 86' lang='lat' dir='ltr'><strong>Lex.</strong></span> <span class='ocrx_word' id='word_1_164' title='bbox 1033 2045 1070 2083; x_wconf 88' lang='lat' dir='ltr'>p.</span> <span class='ocrx_word' id='word_1_165' title='bbox 1090 2042 1157 2080; x_wconf 86' lang='lat'>33,</span> <span class='ocrx_word' id='word_1_166' title='bbox 1184 2043 1257 2073; x_wconf 88' lang='lat' dir='ltr'>nec</span> <span class='ocrx_word' id='word_1_167' title='bbox 1277 2044 1359 2069; x_wconf 90' lang='lat' dir='ltr'>non</span> <span class='ocrx_word' id='word_1_168' title='bbox 1380 2031 1627 2084; x_wconf 83' lang='lat' dir='ltr'>Pomponius</span> <span class='ocrx_word' id='word_1_169' title='bbox 1648 2032 1816 2072; x_wconf 76' lang='lat' dir='ltr'>Sabinus</span> <span class='ocrx_word' id='word_1_170' title='bbox 1833 2033 2070 2086; x_wconf 86' lang='lat' dir='ltr'>agnoscunt.</span> 
     </span>
     <span class='ocr_line' id='line_1_20' title="bbox 422 2095 2071 2171; baseline 0.003 -36"><span class='ocrx_word' id='word_1_171' title='bbox 422 2096 678 2135; x_wconf 84' lang='lat' dir='ltr'>Burmannus</span> <span class='ocrx_word' id='word_1_172' title='bbox 705 2104 921 2148; x_wconf 88' lang='lat' dir='ltr'>utrumque</span> <span class='ocrx_word' id='word_1_173' title='bbox 941 2095 1121 2135; x_wconf 86' lang='lat' dir='ltr'>illustrat.</span> <span class='ocrx_word' id='word_1_174' title='bbox 1177 2095 1253 2133; x_wconf 88' lang='lat' dir='ltr'>Sed</span> <span class='ocrx_word' id='word_1_175' title='bbox 1274 2096 1516 2136; x_wconf 90' lang='lat' dir='ltr'>dicendum.</span> <span class='ocrx_word' id='word_1_176' title='bbox 1549 2098 1607 2136; x_wconf 84' lang='lat' dir='ltr'>hic</span> <span class='ocrx_word' id='word_1_177' title='bbox 1637 2100 1710 2136; x_wconf 83' lang='lat' dir='ltr'>acie</span> <span class='ocrx_word' id='word_1_178' title='bbox 1747 2109 1883 2138; x_wconf 85' lang='lat' dir='ltr'>certare</span> <span class='ocrx_word' id='word_1_179' title='bbox 1905 2098 2071 2171; x_wconf 70' lang='lat' dir='ltr'>splebant</span> 
     </span>
    </p>
   </div>
   <div class='ocr_carea' id='block_1_8' title="bbox 1111 1603 1217 1612">
    <p class='ocr_par' dir='ltr' id='par_1_8' title="bbox 1111 1603 1217 1612">
     <span class='ocr_line' id='line_1_21' title="bbox 1111 1603 1217 1612; baseline 0 2418"><span class='ocrx_word' id='word_1_180' title='bbox 1111 1603 1217 1612; x_wconf 95' lang='lat' dir='ltr'> </span> 
     </span>
    </p>
   </div>
   <div class='ocr_carea' id='block_1_9' title="bbox 1966 1669 2074 1680">
    <p class='ocr_par' dir='ltr' id='par_1_9' title="bbox 1966 1669 2074 1680">
     <span class='ocr_line' id='line_1_22' title="bbox 1966 1669 2074 1680; baseline 0 0"><span class='ocrx_word' id='word_1_181' title='bbox 1966 1669 2074 1680; x_wconf 95' lang='lat' dir='ltr'> </span> 
     </span>
    </p>
   </div>
   <div class='ocr_carea' id='block_1_10' title="bbox 1617 1802 1719 1810">
    <p class='ocr_par' dir='ltr' id='par_1_10' title="bbox 1617 1802 1719 1810">
     <span class='ocr_line' id='line_1_23' title="bbox 1617 1802 1719 1810; baseline 0 2220"><span class='ocrx_word' id='word_1_182' title='bbox 1617 1802 1719 1810; x_wconf 95' lang='lat' dir='ltr'> </span> 
     </span>
    </p>
   </div>
   <div class='ocr_carea' id='block_1_11' title="bbox 990 1923 1096 1931">
    <p class='ocr_par' dir='ltr' id='par_1_11' title="bbox 990 1923 1096 1931">
     <span class='ocr_line' id='line_1_24' title="bbox 990 1923 1096 1931; baseline 0 2099"><span class='ocrx_word' id='word_1_183' title='bbox 990 1923 1096 1931; x_wconf 95' lang='lat' dir='ltr'> </span> 
     </span>
    </p>
   </div>
   <div class='ocr_carea' id='block_1_12' title="bbox 420 2158 1750 2214">
    <p class='ocr_par' dir='ltr' id='par_1_12' title="bbox 420 2158 1750 2214">
     <span class='ocr_line' id='line_1_25' title="bbox 420 2158 1750 2214; baseline 0.001 -15"><span class='ocrx_word' id='word_1_184' title='bbox 420 2158 499 2206; x_wconf 83' lang='lat' dir='ltr'>effe</span> <span class='ocrx_word' id='word_1_185' title='bbox 519 2158 747 2212; x_wconf 77' lang='lat' dir='ltr'>exquisitius</span> <span class='ocrx_word' id='word_1_186' title='bbox 764 2160 941 2213; x_wconf 86' lang='lat' dir='ltr'>adeoque</span> <span class='ocrx_word' id='word_1_187' title='bbox 958 2164 1084 2213; x_wconf 76' lang='lat' dir='ltr'>poeta</span> <span class='ocrx_word' id='word_1_188' title='bbox 1104 2158 1290 2213; x_wconf 86' lang='lat' dir='ltr'>dignius;</span> <span class='ocrx_word' id='word_1_189' title='bbox 1318 2159 1490 2201; x_wconf 83' lang='lat' dir='ltr'>alterum</span> <span class='ocrx_word' id='word_1_190' title='bbox 1509 2160 1750 2214; x_wconf 83' lang='lat' dir='ltr'>prosaicum.</span> 
     </span>
    </p>
   </div>
   <div class='ocr_carea' id='block_1_13' title="bbox 421 2300 1207 2358">
    <p class='ocr_par' dir='ltr' id='par_1_13' title="bbox 421 2300 1207 2358">
     <span class='ocr_line' id='line_1_26' title="bbox 421 2300 1207 2358; baseline -0.001 -10"><span class='ocrx_word' id='word_1_191' title='bbox 421 2302 624 2349; x_wconf 85' lang='lat' dir='ltr'>colarum</span> <span class='ocrx_word' id='word_1_192' title='bbox 659 2300 872 2358; x_wconf 86' lang='lat' dir='ltr'>divitias;</span> <span class='ocrx_word' id='word_1_193' title='bbox 898 2300 980 2348; x_wconf 81' lang='lat' dir='ltr'>nisi</span> <span class='ocrx_word' id='word_1_194' title='bbox 1003 2300 1061 2347; x_wconf 90' lang='lat' dir='ltr'>ad</span> <span class='ocrx_word' id='word_1_195' title='bbox 1096 2312 1207 2347; x_wconf 89' lang='lat' dir='ltr'>tem-</span> 
     </span>
    </p>
   </div>
   <div class='ocr_carea' id='block_1_14' title="bbox 418 2363 2127 2439">
    <p class='ocr_par' dir='ltr' id='par_1_14' title="bbox 418 2363 2127 2439">
     <span class='ocr_line' id='line_1_27' title="bbox 418 2363 2127 2439; baseline 0.002 -28"><span class='ocrx_word' id='word_1_196' title='bbox 418 2366 547 2429; x_wconf 91' lang='lat' dir='ltr'>plum</span> <span class='ocrx_word' id='word_1_197' title='bbox 571 2365 768 2412; x_wconf 86' lang='lat' dir='ltr'>maxime</span> <span class='ocrx_word' id='word_1_198' title='bbox 790 2365 1021 2439; x_wconf 88' lang='lat' dir='ltr'>Apollinis</span> <span class='ocrx_word' id='word_1_199' title='bbox 1057 2365 1206 2412; x_wconf 81' lang='lat' dir='ltr'>Smin·</span> <span class='ocrx_word' id='word_1_200' title='bbox 1268 2363 1475 2426; x_wconf 82' lang='lat' dir='ltr'>solvitse</span> <span class='ocrx_word' id='word_1_201' title='bbox 1503 2365 1618 2411; x_wconf 57' lang='lat' dir='ltr'>luffa</span> <span class='ocrx_word' id='word_1_202' title='bbox 1649 2364 1914 2427; x_wconf 85' lang='lat' dir='ltr'>exquifitius</span> <span class='ocrx_word' id='word_1_203' title='bbox 1936 2371 2072 2429; x_wconf 81' lang='lat' dir='ltr'>quam</span> <span class='ocrx_word' id='word_1_204' title='bbox 2121 2409 2127 2415; x_wconf 90' lang='lat'><em>.</em></span> 
     </span>
    </p>
   </div>
   <div class='ocr_carea' id='block_1_15' title="bbox 414 2429 1207 3601">
    <p class='ocr_par' dir='ltr' id='par_1_15' title="bbox 414 2429 1207 3253">
     <span class='ocr_line' id='line_1_28' title="bbox 420 2429 1207 2493; baseline 0 -17"><span class='ocrx_word' id='word_1_205' title='bbox 420 2430 518 2476; x_wconf 87' lang='lat' dir='ltr'>thei</span> <span class='ocrx_word' id='word_1_206' title='bbox 572 2429 772 2492; x_wconf 85' lang='lat' dir='ltr'>respicit,</span> <span class='ocrx_word' id='word_1_207' title='bbox 806 2431 929 2493; x_wconf 92' lang='lat' dir='ltr'>quod</span> <span class='ocrx_word' id='word_1_208' title='bbox 971 2430 1018 2476; x_wconf 89' lang='lat' dir='ltr'>in</span> <span class='ocrx_word' id='word_1_209' title='bbox 1062 2431 1207 2477; x_wconf 87' lang='lat' dir='ltr'>insula</span> 
     </span>
     <span class='ocr_line' id='line_1_29' title="bbox 419 2493 1204 2555; baseline 0.001 -16"><span class='ocrx_word' id='word_1_210' title='bbox 419 2506 532 2548; x_wconf 88' lang='lat' dir='ltr'>erat,</span> <span class='ocrx_word' id='word_1_211' title='bbox 580 2493 716 2542; x_wconf 86' lang='lat' dir='ltr'>Iliad.</span> <span class='ocrx_word' id='word_1_212' title='bbox 761 2517 811 2550; x_wconf 78' lang='lat' dir='ltr'>a,</span> <span class='ocrx_word' id='word_1_213' title='bbox 865 2499 940 2555; x_wconf 87' lang='lat'>38.</span> <span class='ocrx_word' id='word_1_214' title='bbox 1010 2495 1204 2551; x_wconf 83' lang='lat' dir='ltr'>Eodem,</span> 
     </span>
     <span class='ocr_line' id='line_1_30' title="bbox 417 2560 1206 2623; baseline 0.001 -18"><span class='ocrx_word' id='word_1_215' title='bbox 417 2560 544 2621; x_wconf 89' lang='lat' dir='ltr'>quod</span> <span class='ocrx_word' id='word_1_216' title='bbox 572 2560 809 2619; x_wconf 79' lang='lat' dir='ltr'>notfflmam</span> <span class='ocrx_word' id='word_1_217' title='bbox 834 2562 988 2621; x_wconf 82' lang='lat' dir='ltr'>(fama</span> <span class='ocrx_word' id='word_1_218' title='bbox 1024 2560 1206 2623; x_wconf 67' lang='lat' dir='ltr'>poetice</span> 
     </span>
     <span class='ocr_line' id='line_1_31' title="bbox 420 2623 1202 2687; baseline 0 -18"><span class='ocrx_word' id='word_1_219' title='bbox 420 2627 570 2684; x_wconf 85' lang='lat' dir='ltr'>ornat)</span> <span class='ocrx_word' id='word_1_220' title='bbox 615 2638 767 2681; x_wconf 87' lang='lat' dir='ltr'>vocat,</span> <span class='ocrx_word' id='word_1_221' title='bbox 808 2623 1033 2687; x_wconf 88' lang='lat' dir='ltr'>pertinere</span> <span class='ocrx_word' id='word_1_222' title='bbox 1075 2635 1202 2686; x_wconf 87' lang='lat' dir='ltr'>puto.</span> 
     </span>
     <span class='ocr_line' id='line_1_32' title="bbox 417 2689 1202 2751; baseline 0.001 -18"><span class='ocrx_word' id='word_1_223' title='bbox 417 2704 539 2734; x_wconf 91' lang='lat' dir='ltr'>nunc</span> <span class='ocrx_word' id='word_1_224' title='bbox 577 2699 753 2736; x_wconf 90' lang='lat' dir='ltr'>tantum</span> <span class='ocrx_word' id='word_1_225' title='bbox 769 2691 891 2751; x_wconf 83' lang='lat' dir='ltr'>finus</span> <span class='ocrx_word' id='word_1_226' title='bbox 912 2702 952 2735; x_wconf 87' lang='lat' dir='ltr'>et</span> <span class='ocrx_word' id='word_1_227' title='bbox 956 2691 1039 2751; x_wconf 68' lang='lat' dir='ltr'>st„</span> <span class='ocrx_word' id='word_1_228' title='bbox 1074 2689 1120 2735; x_wconf 92' lang='lat' dir='ltr'>h.</span> <span class='ocrx_word' id='word_1_229' title='bbox 1163 2705 1202 2736; x_wconf 85' lang='lat' dir='ltr'>e.</span> 
     </span>
     <span class='ocr_line' id='line_1_33' title="bbox 416 2752 1205 2809; baseline 0.003 -12"><span class='ocrx_word' id='word_1_230' title='bbox 416 2768 471 2798; x_wconf 85' lang='lat' dir='ltr'>ea</span> <span class='ocrx_word' id='word_1_231' title='bbox 504 2752 696 2799; x_wconf 79' lang='lat' dir='ltr'>vastities</span> <span class='ocrx_word' id='word_1_232' title='bbox 728 2753 779 2799; x_wconf 92' lang='lat' dir='ltr'>in</span> <span class='ocrx_word' id='word_1_233' title='bbox 810 2752 952 2800; x_wconf 81' lang='lat' dir='ltr'>insula</span> <span class='ocrx_word' id='word_1_234' title='bbox 982 2753 1118 2809; x_wconf 59' lang='lat' dir='ltr'>faela,</span> <span class='ocrx_word' id='word_1_235' title='bbox 1154 2764 1205 2799; x_wconf 89' lang='lat' dir='ltr'>ut</span> 
     </span>
     <span class='ocr_line' id='line_1_34' title="bbox 418 2817 1204 2881; baseline 0.003 -19"><span class='ocrx_word' id='word_1_236' title='bbox 418 2833 476 2862; x_wconf 87' lang='lat' dir='ltr'>ea</span> <span class='ocrx_word' id='word_1_237' title='bbox 504 2818 591 2863; x_wconf 92' lang='lat' dir='ltr'>hoc</span> <span class='ocrx_word' id='word_1_238' title='bbox 629 2835 720 2865; x_wconf 89' lang='lat' dir='ltr'>uno</span> <span class='ocrx_word' id='word_1_239' title='bbox 742 2831 850 2865; x_wconf 88' lang='lat' dir='ltr'>nota</span> <span class='ocrx_word' id='word_1_240' title='bbox 873 2817 944 2872; x_wconf 85' lang='lat' dir='ltr'>fit,</span> <span class='ocrx_word' id='word_1_241' title='bbox 979 2819 1099 2881; x_wconf 92' lang='lat' dir='ltr'>quod</span> <span class='ocrx_word' id='word_1_242' title='bbox 1124 2838 1204 2864; x_wconf 83' lang='lat' dir='ltr'>na·</span> 
     </span>
     <span class='ocr_line' id='line_1_35' title="bbox 418 2882 1202 2946; baseline 0 -19"><span class='ocrx_word' id='word_1_243' title='bbox 418 2901 498 2927; x_wconf 78' lang='lat' dir='ltr'>«ves</span> <span class='ocrx_word' id='word_1_244' title='bbox 533 2884 787 2946; x_wconf 88' lang='lat' dir='ltr'>tempestate</span> <span class='ocrx_word' id='word_1_245' title='bbox 808 2883 986 2944; x_wconf 66' lang='lat' dir='ltr'>jaflatae</span> <span class='ocrx_word' id='word_1_246' title='bbox 1005 2884 1055 2930; x_wconf 92' lang='lat' dir='ltr'>in</span> <span class='ocrx_word' id='word_1_247' title='bbox 1075 2882 1202 2929; x_wconf 88' lang='lat' dir='ltr'>litto-</span> 
     </span>
     <span class='ocr_line' id='line_1_36' title="bbox 415 2947 1200 3010; baseline -0.001 -17"><span class='ocrx_word' id='word_1_248' title='bbox 415 2962 519 2993; x_wconf 83' lang='lat' dir='ltr'>rum</span> <span class='ocrx_word' id='word_1_249' title='bbox 562 2947 742 3003; x_wconf 82' lang='lat' dir='ltr'>recessu,</span> <span class='ocrx_word' id='word_1_250' title='bbox 777 2962 911 3010; x_wconf 90' lang='lat' dir='ltr'>quem</span> <span class='ocrx_word' id='word_1_251' title='bbox 935 2950 1082 3010; x_wconf 81' lang='lat' dir='ltr'>finum</span> <span class='ocrx_word' id='word_1_252' title='bbox 1124 2963 1200 3010; x_wconf 85' lang='lat' dir='ltr'>ap-</span> 
     </span>
     <span class='ocr_line' id='line_1_37' title="bbox 417 3011 1203 3075; baseline 0.004 -19"><span class='ocrx_word' id='word_1_253' title='bbox 417 3011 576 3074; x_wconf 86' lang='lat' dir='ltr'>pellat,</span> <span class='ocrx_word' id='word_1_254' title='bbox 626 3015 866 3075; x_wconf 78' lang='lat' dir='ltr'>stationem,</span> <span class='ocrx_word' id='word_1_255' title='bbox 919 3012 997 3058; x_wconf 77' lang='lat' dir='ltr'>etsi</span> <span class='ocrx_word' id='word_1_256' title='bbox 1042 3025 1203 3075; x_wconf 82' lang='lat' dir='ltr'>parum</span> 
     </span>
     <span class='ocr_line' id='line_1_38' title="bbox 414 3075 1204 3132; baseline 0.001 -10"><span class='ocrx_word' id='word_1_257' title='bbox 414 3089 572 3132; x_wconf 82' lang='lat' dir='ltr'>tutam,</span> <span class='ocrx_word' id='word_1_258' title='bbox 605 3077 814 3125; x_wconf 87' lang='lat' dir='ltr'>habeant.</span> <span class='ocrx_word' id='word_1_259' title='bbox 882 3075 1056 3123; x_wconf 90' lang='lat' dir='ltr'>Eodem</span> <span class='ocrx_word' id='word_1_260' title='bbox 1096 3091 1204 3123; x_wconf 89' lang='lat' dir='ltr'>mox</span> 
     </span>
     <span class='ocr_line' id='line_1_39' title="bbox 414 3139 1200 3206; baseline 0.003 -21"><span class='ocrx_word' id='word_1_261' title='bbox 414 3139 580 3203; x_wconf 65' lang='lat' dir='ltr'>spec‘lat</span> <span class='ocrx_word' id='word_1_262' title='bbox 599 3144 795 3203; x_wconf 75' lang='lat' dir='ltr'>dſsrtum</span> <span class='ocrx_word' id='word_1_263' title='bbox 811 3142 948 3198; x_wconf 84' lang='lat' dir='ltr'>littus,</span> <span class='ocrx_word' id='word_1_264' title='bbox 977 3157 1072 3206; x_wconf 84' lang='lat' dir='ltr'>quo</span> <span class='ocrx_word' id='word_1_265' title='bbox 1092 3156 1200 3188; x_wconf 88' lang='lat' dir='ltr'>con-</span> 
     </span>
     <span class='ocr_line' id='line_1_40' title="bbox 417 3205 808 3253; baseline 0.003 -3"><span class='ocrx_word' id='word_1_266' title='bbox 417 3205 534 3251; x_wconf 90' lang='lat' dir='ltr'>dunt</span> <span class='ocrx_word' id='word_1_267' title='bbox 556 3205 599 3252; x_wconf 90' lang='lat' dir='ltr'>se</span> <span class='ocrx_word' id='word_1_268' title='bbox 620 3205 808 3253; x_wconf 86' lang='lat' dir='ltr'>Achivi.</span> 
     </span>
    </p>

    <p class='ocr_par' dir='ltr' id='par_1_16' title="bbox 415 3268 1203 3591">
     <span class='ocr_line' id='line_1_41' title="bbox 486 3268 1200 3345; baseline -0.001 -29"><span class='ocrx_word' id='word_1_269' title='bbox 486 3286 512 3316; x_wconf 87' lang='lat'>2</span> <span class='ocrx_word' id='word_1_270' title='bbox 518 3287 692 3334; x_wconf 78' lang='lat'>5—30</span> <span class='ocrx_word' id='word_1_271' title='bbox 748 3272 952 3345; x_wconf 50' lang='lat' dir='ltr'>Ilqycenas</span> <span class='ocrx_word' id='word_1_272' title='bbox 1005 3268 1200 3333; x_wconf 89' lang='lat' dir='ltr'>exquifi-</span> 
     </span>
     <span class='ocr_line' id='line_1_42' title="bbox 417 3332 1200 3397; baseline 0.003 -18"><span class='ocrx_word' id='word_1_273' title='bbox 417 3332 507 3380; x_wconf 81' lang='lat' dir='ltr'>tius</span> <span class='ocrx_word' id='word_1_274' title='bbox 559 3351 692 3397; x_wconf 84' lang='lat' dir='ltr'>quam</span> <span class='ocrx_word' id='word_1_275' title='bbox 736 3335 986 3387; x_wconf 81' lang='lat' dir='ltr'>Graeciam.</span> <span class='ocrx_word' id='word_1_276' title='bbox 1057 3350 1200 3391; x_wconf 77' lang='lat' dir='ltr'>venta,</span> 
     </span>
     <span class='ocr_line' id='line_1_43' title="bbox 418 3398 1201 3448; baseline 0.005 -5"><span class='ocrx_word' id='word_1_277' title='bbox 418 3411 553 3444; x_wconf 85' lang='lat' dir='ltr'>vento</span> <span class='ocrx_word' id='word_1_278' title='bbox 602 3398 812 3448; x_wconf 86' lang='lat' dir='ltr'>secundo.</span> <span class='ocrx_word' id='word_1_279' title='bbox 860 3409 985 3448; x_wconf 86' lang='lat' dir='ltr'>omnis</span> <span class='ocrx_word' id='word_1_280' title='bbox 1019 3398 1201 3447; x_wconf 77' lang='lat' dir='ltr'>Teucria</span> 
     </span>
     <span class='ocr_line' id='line_1_44' title="bbox 415 3462 1203 3525; baseline 0.001 -15"><span class='ocrx_word' id='word_1_281' title='bbox 415 3462 481 3510; x_wconf 84' lang='lat' dir='ltr'>sc.</span> <span class='ocrx_word' id='word_1_282' title='bbox 536 3477 663 3525; x_wconf 89' lang='lat' dir='ltr'>gens,</span> <span class='ocrx_word' id='word_1_283' title='bbox 725 3465 791 3511; x_wconf 90' lang='lat' dir='ltr'>ait</span> <span class='ocrx_word' id='word_1_284' title='bbox 833 3466 986 3520; x_wconf 69' lang='lat' dir='ltr'>Serv,</span> <span class='ocrx_word' id='word_1_285' title='bbox 1048 3479 1203 3511; x_wconf 90' lang='lat' dir='ltr'>omnes</span> 
     </span>
     <span class='ocr_line' id='line_1_45' title="bbox 417 3525 1201 3601; baseline 0.001 -27"><span class='ocrx_word' id='word_1_286' title='bbox 417 3525 601 3599; x_wconf 84' lang='lat' dir='ltr'>utique</span> <span class='ocrx_word' id='word_1_287' title='bbox 613 3527 662 3573; x_wconf 96' lang='grc' dir='ltr'><strong>Γ</strong></span> <span class='ocrx_word' id='word_1_288' title='bbox 658 3545 824 3601; x_wconf 75' lang='lat' dir='ltr'>rojam</span> <span class='ocrx_word' id='word_1_289' title='bbox 861 3529 1021 3576; x_wconf 90' lang='lat' dir='ltr'>malim</span> <span class='ocrx_word' id='word_1_290' title='bbox 1053 3529 1112 3575; x_wconf 88' lang='lat' dir='ltr'>de</span> <span class='ocrx_word' id='word_1_291' title='bbox 1133 3545 1201 3576; x_wconf 92' lang='lat' dir='ltr'>re-</span> 
     </span>
    </p>
   </div>
   <div class='ocr_carea' id='block_1_16' title="bbox 413 3590 1204 3676">
    <p class='ocr_par' dir='ltr' id='par_1_17' title="bbox 413 3590 1204 3676">
     <span class='ocr_line' id='line_1_46' title="bbox 413 3590 1204 3676; baseline 0.004 -37"><span class='ocrx_word' id='word_1_292' title='bbox 413 3590 555 3659; x_wconf 77' lang='lat' dir='ltr'>gione</span> <span class='ocrx_word' id='word_1_293' title='bbox 572 3591 795 3676; x_wconf 85' lang='lat' dir='ltr'>accipere.</span> <span class='ocrx_word' id='word_1_294' title='bbox 859 3593 938 3657; x_wconf 81' lang='lat' dir='ltr'>Sic</span> <span class='ocrx_word' id='word_1_295' title='bbox 948 3594 1204 3668; x_wconf 73' lang='lat' dir='ltr'>Dardqnia,</span> 
     </span>
    </p>
   </div>
   <div class='ocr_carea' id='block_1_17' title="bbox 1287 2298 2073 2364">
    <p class='ocr_par' dir='ltr' id='par_1_18' title="bbox 1287 2298 2073 2364">
     <span class='ocr_line' id='line_1_47' title="bbox 1287 2298 2073 2364; baseline 0.004 -18"><span class='ocrx_word' id='word_1_296' title='bbox 1287 2317 1332 2349; x_wconf 82' lang='lat' dir='ltr'>v.</span> <span class='ocrx_word' id='word_1_297' title='bbox 1376 2316 1418 2348; x_wconf 91' lang='lat' dir='ltr'>c.</span> <span class='ocrx_word' id='word_1_298' title='bbox 1461 2301 1571 2355; x_wconf 86' lang='lat'>282,</span> <span class='ocrx_word' id='word_1_299' title='bbox 1603 2316 1687 2364; x_wconf 89' lang='lat' dir='ltr'>pro</span> <span class='ocrx_word' id='word_1_300' title='bbox 1723 2298 1830 2363; x_wconf 86' lang='lat' dir='ltr'>ipfis</span> <span class='ocrx_word' id='word_1_301' title='bbox 1862 2298 2073 2350; x_wconf 89' lang='lat' dir='ltr'>Teucris.</span> 
     </span>
    </p>
   </div>
   <div class='ocr_carea' id='block_1_18' title="bbox 1286 2428 2072 2492">
    <p class='ocr_par' dir='ltr' id='par_1_19' title="bbox 1286 2428 2072 2492">
     <span class='ocr_line' id='line_1_48' title="bbox 1286 2428 2072 2492; baseline 0.004 -18"><span class='ocrx_word' id='word_1_302' title='bbox 1286 2428 1474 2483; x_wconf 87' lang='lat' dir='ltr'>solvere,</span> <span class='ocrx_word' id='word_1_303' title='bbox 1519 2430 1762 2492; x_wconf 90' lang='lat' dir='ltr'>deponere,</span> <span class='ocrx_word' id='word_1_304' title='bbox 1804 2428 1932 2476; x_wconf 89' lang='lat' dir='ltr'>finire</span> <span class='ocrx_word' id='word_1_305' title='bbox 1975 2431 2072 2483; x_wconf 71' lang='lat' dir='ltr'>luc-2</span> 
     </span>
    </p>
   </div>
   <div class='ocr_carea' id='block_1_19' title="bbox 1286 2493 2099 2557">
    <p class='ocr_par' dir='ltr' id='par_1_20' title="bbox 1286 2493 2099 2557">
     <span class='ocr_line' id='line_1_49' title="bbox 1286 2493 2099 2557; baseline 0.006 -19"><span class='ocrx_word' id='word_1_306' title='bbox 1286 2505 1400 2542; x_wconf 87' lang='lat' dir='ltr'>tum.</span> <span class='ocrx_word' id='word_1_307' title='bbox 1448 2493 1620 2557; x_wconf 65' lang='lat' dir='ltr'>solvere</span> <span class='ocrx_word' id='word_1_308' title='bbox 1659 2506 1809 2541; x_wconf 88' lang='lat' dir='ltr'>autem</span> <span class='ocrx_word' id='word_1_309' title='bbox 1859 2493 1918 2540; x_wconf 87' lang='lat' dir='ltr'>de</span> <span class='ocrx_word' id='word_1_310' title='bbox 1955 2493 2099 2543; x_wconf 63' lang='lat' dir='ltr'>luem&gt;</span> 
     </span>
    </p>
   </div>
   <div class='ocr_carea' id='block_1_20' title="bbox 1284 2557 2070 2800">
    <p class='ocr_par' dir='ltr' id='par_1_21' title="bbox 1284 2557 2070 2800">
     <span class='ocr_line' id='line_1_50' title="bbox 1285 2557 2070 2620; baseline 0.004 -18"><span class='ocrx_word' id='word_1_311' title='bbox 1285 2557 1479 2614; x_wconf 62' lang='lat' dir='ltr'>dietum,</span> <span class='ocrx_word' id='word_1_312' title='bbox 1511 2557 1726 2620; x_wconf 78' lang='lat' dir='ltr'>quoniam</span> <span class='ocrx_word' id='word_1_313' title='bbox 1760 2558 1912 2613; x_wconf 85' lang='lat' dir='ltr'>dolor,</span> <span class='ocrx_word' id='word_1_314' title='bbox 1930 2557 2070 2606; x_wconf 85' lang='lat' dir='ltr'>tristi-</span> 
     </span>
     <span class='ocr_line' id='line_1_51' title="bbox 1286 2622 2068 2695; baseline 0.004 -28"><span class='ocrx_word' id='word_1_315' title='bbox 1286 2622 1370 2678; x_wconf 88' lang='lat' dir='ltr'>tia,</span> <span class='ocrx_word' id='word_1_316' title='bbox 1415 2638 1603 2676; x_wconf 81' lang='lat' dir='ltr'>moeror,</span> <span class='ocrx_word' id='word_1_317' title='bbox 1646 2623 1902 2695; x_wconf 84' lang='lat' dir='ltr'>congelare,</span> <span class='ocrx_word' id='word_1_318' title='bbox 1954 2639 2068 2670; x_wconf 89' lang='lat' dir='ltr'>con-</span> 
     </span>
     <span class='ocr_line' id='line_1_52' title="bbox 1286 2660 2068 2749; baseline 0.005 -18"><span class='ocrx_word' id='word_1_319' title='bbox 1286 2660 1821 2749; x_wconf 69' lang='lat' dir='ltr'>trai1ere,adstrin0g,ere</span> <span class='ocrx_word' id='word_1_320' title='bbox 1872 2685 2068 2743; x_wconf 87' lang='lat' dir='ltr'>vincire,</span> 
     </span>
     <span class='ocr_line' id='line_1_53' title="bbox 1284 2743 2070 2800; baseline 0.005 -4"><span class='ocrx_word' id='word_1_321' title='bbox 1284 2751 1515 2799; x_wconf 86' lang='lat' dir='ltr'>dicuntur.</span> <span class='ocrx_word' id='word_1_322' title='bbox 1571 2751 1632 2798; x_wconf 90' lang='lat' dir='ltr'>cf.</span> <span class='ocrx_word' id='word_1_323' title='bbox 1673 2751 1826 2799; x_wconf 86' lang='lat' dir='ltr'>Burm.</span> <span class='ocrx_word' id='word_1_324' title='bbox 1908 2743 2070 2800; x_wconf 66' lang='lat' dir='ltr'>Dorica*</span> 
     </span>
    </p>
   </div>
   <div class='ocr_carea' id='block_1_21' title="bbox 1283 2815 2144 2877">
    <p class='ocr_par' dir='ltr' id='par_1_22' title="bbox 1283 2815 2144 2877">
     <span class='ocr_line' id='line_1_54' title="bbox 1283 2815 2144 2877; baseline 0.005 -14"><span class='ocrx_word' id='word_1_325' title='bbox 1283 2820 1433 2877; x_wconf 74' lang='lat' dir='ltr'>cestra.</span> <span class='ocrx_word' id='word_1_326' title='bbox 1503 2815 1659 2862; x_wconf 86' lang='lat' dir='ltr'>Habet</span> <span class='ocrx_word' id='word_1_327' title='bbox 1695 2816 1782 2863; x_wconf 93' lang='lat' dir='ltr'>hoc</span> <span class='ocrx_word' id='word_1_328' title='bbox 1823 2833 1850 2863; x_wconf 86' lang='lat' dir='ltr'>a</span> <span class='ocrx_word' id='word_1_329' title='bbox 1886 2815 2087 2864; x_wconf 50' lang='lat' dir='ltr'>seriori-⁸</span> <span class='ocrx_word' id='word_1_330' title='bbox 2140 2863 2144 2867; x_wconf 86' lang='lat'>.</span> 
     </span>
    </p>
   </div>
   <div class='ocr_carea' id='block_1_22' title="bbox 1279 2879 2069 3460">
    <p class='ocr_par' dir='ltr' id='par_1_23' title="bbox 1279 2879 2069 3460">
     <span class='ocr_line' id='line_1_55' title="bbox 1284 2879 2069 2949; baseline 0.003 -23"><span class='ocrx_word' id='word_1_331' title='bbox 1284 2879 1365 2926; x_wconf 90' lang='lat' dir='ltr'>bus</span> <span class='ocrx_word' id='word_1_332' title='bbox 1384 2880 1548 2943; x_wconf 69' lang='lat' dir='ltr'>poetis.</span> <span class='ocrx_word' id='word_1_333' title='bbox 1615 2880 1843 2928; x_wconf 86' lang='lat' dir='ltr'>Homerus</span> <span class='ocrx_word' id='word_1_334' title='bbox 1855 2879 2069 2949; x_wconf 64' lang='lat' dir='ltr'>Achaeos,</span> 
     </span>
     <span class='ocr_line' id='line_1_56' title="bbox 1285 2944 2064 3008; baseline 0.003 -18"><span class='ocrx_word' id='word_1_335' title='bbox 1285 2945 1483 3008; x_wconf 84' lang='lat' dir='ltr'>Argivos</span> <span class='ocrx_word' id='word_1_336' title='bbox 1516 2945 1589 2992; x_wconf 88' lang='lat' dir='ltr'>vel</span> <span class='ocrx_word' id='word_1_337' title='bbox 1624 2944 1806 2992; x_wconf 85' lang='lat' dir='ltr'>Danaos</span> <span class='ocrx_word' id='word_1_338' title='bbox 1827 2957 2064 2994; x_wconf 87' lang='lat' dir='ltr'>memorat.</span> 
     </span>
     <span class='ocr_line' id='line_1_57' title="bbox 1282 3003 2065 3072; baseline 0.004 -18"><span class='ocrx_word' id='word_1_339' title='bbox 1282 3009 1447 3057; x_wconf 80' lang='lat' dir='ltr'>Dorum</span> <span class='ocrx_word' id='word_1_340' title='bbox 1485 3010 1621 3056; x_wconf 84' lang='lat' dir='ltr'>nullae</span> <span class='ocrx_word' id='word_1_341' title='bbox 1659 3009 1784 3066; x_wconf 79' lang='lat' dir='ltr'>fuere</span> <span class='ocrx_word' id='word_1_342' title='bbox 1824 3025 1946 3072; x_wconf 88' lang='lat' dir='ltr'>opes,</span> <span class='ocrx_word' id='word_1_343' title='bbox 1979 3003 2065 3064; x_wconf 73' lang='lat' dir='ltr'>nisi¹</span> 
     </span>
     <span class='ocr_line' id='line_1_58' title="bbox 1281 3063 2064 3137; baseline 0.003 -18"><span class='ocrx_word' id='word_1_344' title='bbox 1281 3075 1513 3137; x_wconf 85' lang='lat' dir='ltr'>postquam</span> <span class='ocrx_word' id='word_1_345' title='bbox 1554 3090 1658 3121; x_wconf 89' lang='lat' dir='ltr'>cum</span> <span class='ocrx_word' id='word_1_346' title='bbox 1702 3063 1963 3121; x_wconf 88' lang='lat' dir='ltr'>Heraclidis</span> <span class='ocrx_word' id='word_1_347' title='bbox 2011 3073 2064 3122; x_wconf 89' lang='lat' dir='ltr'>in</span> 
     </span>
     <span class='ocr_line' id='line_1_59' title="bbox 1285 3138 2067 3201; baseline 0.001 -17"><span class='ocrx_word' id='word_1_348' title='bbox 1285 3138 1636 3201; x_wconf 86' lang='lat' dir='ltr'>Peloponnesum</span> <span class='ocrx_word' id='word_1_349' title='bbox 1729 3138 2067 3197; x_wconf 77' lang='lat' dir='ltr'>descenderant,</span> 
     </span>
     <span class='ocr_line' id='line_1_60' title="bbox 1283 3202 2066 3265; baseline 0.003 -16"><span class='ocrx_word' id='word_1_350' title='bbox 1283 3202 1483 3249; x_wconf 83' lang='lat' dir='ltr'>L‘XXX</span> <span class='ocrx_word' id='word_1_351' title='bbox 1539 3202 1666 3249; x_wconf 89' lang='lat' dir='ltr'>annis</span> <span class='ocrx_word' id='word_1_352' title='bbox 1709 3204 1812 3265; x_wconf 81' lang='lat' dir='ltr'>post</span> <span class='ocrx_word' id='word_1_353' title='bbox 1866 3203 2066 3265; x_wconf 85' lang='lat' dir='ltr'>Trojam</span> 
     </span>
     <span class='ocr_line' id='line_1_61' title="bbox 1280 3266 2066 3331; baseline 0.001 -17"><span class='ocrx_word' id='word_1_354' title='bbox 1280 3282 1474 3331; x_wconf 87' lang='lat' dir='ltr'>captam.</span> <span class='ocrx_word' id='word_1_355' title='bbox 1541 3266 1683 3314; x_wconf 92' lang='lat' dir='ltr'>Porro</span> <span class='ocrx_word' id='word_1_356' title='bbox 1712 3267 1898 3315; x_wconf 86' lang='lat' dir='ltr'>observa</span> <span class='ocrx_word' id='word_1_357' title='bbox 1915 3267 2066 3331; x_wconf 67' lang='lat' dir='ltr'>poeti-</span> 
     </span>
     <span class='ocr_line' id='line_1_62' title="bbox 1281 3335 2064 3394; baseline 0.003 -16"><span class='ocrx_word' id='word_1_358' title='bbox 1281 3348 1386 3379; x_wconf 87' lang='lat' dir='ltr'>cum</span> <span class='ocrx_word' id='word_1_359' title='bbox 1423 3343 1630 3379; x_wconf 85' lang='lat' dir='ltr'>ornatum</span> <span class='ocrx_word' id='word_1_360' title='bbox 1664 3349 1708 3378; x_wconf 89' lang='lat' dir='ltr'>v.</span> <span class='ocrx_word' id='word_1_361' title='bbox 1745 3348 1770 3394; x_wconf 86' lang='lat'>².</span> <span class='ocrx_word' id='word_1_362' title='bbox 1807 3335 1924 3380; x_wconf 84' lang='lat'>.28</span> <span class='ocrx_word' id='word_1_363' title='bbox 1993 3348 2064 3388; x_wconf 86' lang='lat' dir='ltr'>ro,</span> 
     </span>
     <span class='ocr_line' id='line_1_63' title="bbox 1279 3399 2065 3460; baseline 0.001 -16"><span class='ocrx_word' id='word_1_364' title='bbox 1279 3399 1417 3460; x_wconf 80' lang='lat' dir='ltr'>castra</span> <span class='ocrx_word' id='word_1_365' title='bbox 1447 3400 1607 3458; x_wconf 57' lang='lat' dir='ltr'>deserta</span> <span class='ocrx_word' id='word_1_366' title='bbox 1641 3409 1687 3443; x_wconf 87' lang='lat' dir='ltr'>et</span> <span class='ocrx_word' id='word_1_367' title='bbox 1724 3414 1801 3443; x_wconf 71' lang='grc' dir='ltr'>νει</span> <span class='ocrx_word' id='word_1_368' title='bbox 1786 3403 1888 3445; x_wconf 71' lang='grc' dir='ltr'><strong><em>ι’ἑῖα.</em></strong></span> <span class='ocrx_word' id='word_1_369' title='bbox 2010 3413 2065 3445; x_wconf 87' lang='grc' dir='ltr'>ο-</span> 
     </span>
    </p>
   </div>
   <div class='ocr_carea' id='block_1_23' title="bbox 1278 3451 2068 3589">
    <p class='ocr_par' dir='ltr' id='par_1_24' title="bbox 1278 3451 2068 3588">
     <span class='ocr_line' id='line_1_64' title="bbox 1280 3451 2068 3534; baseline 0.003 -27"><span class='ocrx_word' id='word_1_370' title='bbox 1280 3477 1426 3508; x_wconf 87' lang='lat' dir='ltr'>merus</span> <span class='ocrx_word' id='word_1_371' title='bbox 1458 3461 1596 3508; x_wconf 85' lang='lat' dir='ltr'>etiam</span> <span class='ocrx_word' id='word_1_372' title='bbox 1624 3460 1711 3507; x_wconf 87' lang='lat' dir='ltr'>hoc</span> <span class='ocrx_word' id='word_1_373' title='bbox 1732 3451 1883 3517; x_wconf 86' lang='lat' dir='ltr'>addit,</span> <span class='ocrx_word' id='word_1_374' title='bbox 1906 3461 2068 3534; x_wconf 40' lang='lat' dir='ltr'>‘castris</span> 
     </span>
     <span class='ocr_line' id='line_1_65' title="bbox 1278 3521 2062 3589; baseline 0 -17"><span class='ocrx_word' id='word_1_375' title='bbox 1278 3524 1336 3572; x_wconf 90' lang='lat' dir='ltr'>ab</span> <span class='ocrx_word' id='word_1_376' title='bbox 1373 3525 1422 3589; x_wconf 91' lang='lat' dir='ltr'>ip</span> <span class='ocrx_word' id='word_1_377' title='bbox 1424 3525 1476 3573; x_wconf 91' lang='lat' dir='ltr'>fis</span> <span class='ocrx_word' id='word_1_378' title='bbox 1514 3523 1708 3572; x_wconf 88' lang='lat' dir='ltr'>Achivis</span> <span class='ocrx_word' id='word_1_379' title='bbox 1741 3523 1868 3572; x_wconf 86' lang='lat' dir='ltr'>fuiffe</span> <span class='ocrx_word' id='word_1_380' title='bbox 1902 3521 2062 3588; x_wconf 89' lang='lat' dir='ltr'>ignem</span> 
     </span>
    </p>
   </div>
   <div class='ocr_carea' id='block_1_24' title="bbox 1275 3542 2067 3734">
    <p class='ocr_par' dir='ltr' id='par_1_25' title="bbox 1275 3542 2067 3720">
     <span class='ocr_line' id='line_1_66' title="bbox 1275 3542 2062 3687; baseline -0.005 -47"><span class='ocrx_word' id='word_1_381' title='bbox 1275 3542 1542 3687; x_wconf 47' lang='lat' dir='ltr'>subjeJ‘tunn</span> <span class='ocrx_word' id='word_1_382' title='bbox 1574 3588 1734 3654; x_wconf 83' lang='lat' dir='ltr'>Odyff.</span> <span class='ocrx_word' id='word_1_383' title='bbox 1758 3587 1808 3648; x_wconf 65' lang='lat' dir='ltr'>S,</span> <span class='ocrx_word' id='word_1_384' title='bbox 1827 3604 1942 3656; x_wconf 79' lang='lat'>501.</span> <span class='ocrx_word' id='word_1_385' title='bbox 1981 3589 2062 3636; x_wconf 91' lang='lat' dir='ltr'>Se-</span> 
     </span>
     <span class='ocr_line' id='line_1_67' title="bbox 1837 3651 2067 3734; baseline 0.026 -35"><span class='ocrx_word' id='word_1_386' title='bbox 1837 3663 1849 3673; x_wconf 70' lang='lat'><strong><em>‘</em></strong></span> <span class='ocrx_word' id='word_1_387' title='bbox 1906 3651 2067 3734; x_wconf 59' lang='lat' dir='ltr'>quita}</span> 
     </span>
    </p>
   </div>
   <div class='ocr_carea' id='block_1_25' title="bbox 2259 1169 2294 4030">
    <p class='ocr_par' dir='ltr' id='par_1_26' title="bbox 2259 1169 2294 4030">
     <span class='ocr_line' id='line_1_68' title="bbox 2259 1169 2294 4030; baseline 0 0"><span class='ocrx_word' id='word_1_388' title='bbox 2259 1169 2294 4030; x_wconf 95' lang='lat' dir='ltr'> </span> 
     </span>
    </p>
   </div>
  </div>
 </body>
</html>
