2372 4030
122 1618 123 1622 ¹
191 1623 221 1665 l.
239 1625 267 1665 l.
286 1635 327 1666 et
347 1625 513 1666 Gesner.
536 1627 578 1666 in
590 1625 706 1665 Thes.
730 1625 771 1664 h.
802 1638 847 1665 v.
903 1623 1099 1664 Omnium
1118 1622 1263 1666 fundus
1285 1628 1442 1667 Servius
1460 1629 1509 1668 ad
1527 1630 1565 1668 h.
1589 1630 1613 1669 l.

571 276 1083 357 AENEIDOS,
1145 285 1335 352 ΜΒ.
1392 290 1443 352 1.
1741 311 1812 376 71

185 424 457 527 'Miratur
482 447 707 529 molem
735 447 970 524 AEneaS,
998 456 1255 533 magalia
1282 459 1580 535 quondam
1605 482 1621 520 τ

192 558 451 620 Miratur
475 537 696 640 portaS,
723 561 1169 645 strepitumque,
1199 582 1256 626 et
1287 569 1458 629 strata
1485 573 1737 638 viarum.

191 671 415 734 Instant
440 675 707 736 ardentes
738 676 941 754 Tyrii:
986 700 1120 758 pars
1150 681 1364 741 ducere
1398 705 1616 760 murOS,
1692 714 1694 716 ’

190 783 520 864 Molirique
547 806 767 859 arcem,
797 803 854 847 et
881 790 1151 849 manibus
1176 790 1520 854 subvolvere
1548 797 1719 859 saxa:

189 890 329 951 Pars
359 909 564 972 optare
593 895 792 956 locum
823 898 995 970 ῑεέὶο,
1024 915 1081 958 et
1107 901 1457 962 concludere
1488 903 1667 966 sulco,
1697 927 1770 982 42
1780 926 1811 988 5

188 1012 332 1092 Jura
358 1013 842 1095 magistratusque
869 1015 1096 1094 legunt,
1122 1015 1499 1097 sanctumque
1527 1019 1812 1082 senatum.

243 1190 338 1227 421.
366 1181 482 1219 Unus
500 1179 615 1221 Leid.
636 1177 791 1219 aberrat
811 1177 853 1219 in
884 1181 1053 1234 mapalia.
1107 1182 1206 1223 Haec
1236 1183 1319 1235 sup.
1345 1186 1494 1238 Georg.
1528 1187 1597 1233 ΙΙΙ,
1619 1198 1700 1236 340
1716 1186 1819 1226 vidi-

191 1252 282 1282 mus
299 1238 374 1283 effe
405 1239 550 1296 aedfficia
579 1245 720 1302 calamis
741 1246 918 1295 canng'fquc
940 1246 1064 1297 plexa,
1094 1246 1152 1297 (v.
1181 1243 1295 1285 Silius
1326 1243 1461 1295 XVII,
1489 1247 1553 1302 89.
1585 1251 1652 1304 90)
1670 1252 1821 1302 oblonga,

189 1309 344 1346 incurvis
362 1305 524 1346 lateribus
542 1312 644 1354 teau,
671 1307 768 1360 quast
783 1310 926 1345 navium
955 1310 1174 1359 carinaefimt
1205 1323 1253 1348 ex
1286 1310 1436 1350 Sallust.
1464 1313 1558 1364 Jug.
1592 1324 1656 1359 21,
1684 1313 1819 1366 qualia

189 1366 319 1410 adhuc
346 1368 436 1410 sunt
465 1371 628 1424 tuguria
656 1371 699 1410 in
731 1383 876 1411 conum
907 1372 1093 1412 exeuntia
1123 1370 1392 1425 plurimorum
1425 1375 1679 1427 populorum,
1706 1386 1746 1415 et
1773 1389 1820 1415 ea

192 1435 356 1488 quidem
367 1436 532 1490 phzstris
550 1437 666 1484 vedu,
691 1435 870 1487 adeoque
889 1437 1037 1474 mobilia.
1092 1436 1151 1475 At
1180 1439 1346 1489 magalia,
1372 1439 1503 1490 priore
1524 1439 1644 1478 etiam
1674 1439 1821 1491 syllaba

191 1495 402 1550 produdla,
426 1495 516 1538 sunt
535 1496 702 1551 agrestia
722 1497 1055 1550 aedificiastativa,
1081 1512 1208 1550 eoque
1229 1500 1391 1539 nomine
1410 1501 1591 1553 inprimis
1608 1502 1822 1542 veniebant

190 1559 377 1601 suburbia
397 1559 664 1614 Carthaginis.
683 1574 722 1599 v.
742 1559 926 1600 Bochart.
945 1560 1072 1600 Chan.
1094 1563 1126 1608 Ι,
1152 1573 1203 1609 24
1222 1571 1262 1601 et
1282 1564 1329 1609 II,
1351 1575 1374 1615 9
1394 1576 1404 1602 ε
1436 1564 1566 1603 Waffe
1594 1565 1643 1604 ad
1663 1564 1820 1605 Sallust.

1724 1641 1822 1678 422.

1643 1706 1735 1743 423.
1756 1710 1820 1732 ar-

864 1764 956 1801 424.
986 1755 1145 1790 molirive
1173 1766 1208 1791 a.
1261 1770 1301 1792 ac
1338 1764 1394 1792 m.
1426 1755 1603 1794 Parrhas.
1642 1758 1824 1807 fibducere

193 1816 388 1857 Rottend.
410 1817 526 1857 alter.
551 1816 727 1870 Vulgata
746 1817 800 1856 est
820 1830 882 1869 ap.
913 1815 1047 1856 Schol.
1080 1816 1233 1867 Cruqu.
1262 1813 1407 1855 Horat.
1442 1818 1493 1855 111
1516 1818 1648 1856 Carm.
1676 1829 1823 1857 1.-—·

191 1892 289 1936 425.
314 1891 438 1935 aptare
455 1881 619 1935 plurimi
639 1878 804 1920 Heinfio
820 1889 861 1920 et
887 1881 1025 1919 Burm.
1044 1879 1223 1931 inspeffi.
1242 1880 1363 1918 etiam
1388 1882 1508 1919 Rom.
1535 1894 1557 1919 a
1576 1894 1635 1932 pr.
1655 1894 1710 1919 m.
1731 1895 1823 1933 per-

189 1954 311 1998 petua
331 1944 535 1984 varietate.
566 1941 616 1983 cf.
636 1943 711 1983 inf.
732 1955 756 1992 5
759 1955 827 1993 52.
894 1942 1067 1985 ,conducere
1095 1950 1186 1980 tert.
1219 1939 1369 1981 Moret.
1407 1955 1498 1981 cum
1530 1942 1667 1994 glossa,
1693 1943 1734 1981 id
1754 1942 1825 1991 est,

190 2011 357 2048 deducere.
384 2016 613 2061 perperam.
669 2011 758 2044 teHa
776 2015 808 2045 et
825 2022 853 2044 c.
864 2007 905 2057 s.
932 2013 1027 2045 tert.
1050 2001 1174 2043 Goth.
1194 2018 1216 2042 a
1243 2014 1297 2043 m.
1325 2017 1384 2057 pr.
1437 2010 1520 2042 tebJo
1540 2001 1725 2057 singulari
1752 2019 1826 2045 nu-

193 2084 308 2112 mero
326 2070 455 2123 magis
472 2069 675 2122 poeticum
707 2064 749 2108 h.
782 2067 811 2108 l.
924 2066 1017 2115 426.
1048 2067 1193 2106 Versus
1214 2081 1236 2106 a
1263 2067 1350 2106 loco
1383 2067 1557 2107 alienus:
1589 2069 1637 2107 de
1659 2083 1737 2121 quo
1764 2070 1824 2110 se-

194 2134 334 2178 caudis
353 2133 458 2174 curis
474 2132 727 2173 statuendum
745 2131 877 2173 fuiffet
896 2145 918 2171 a
939 2135 1119 2172 Marone.
1136 2144 1175 2170 v.
1192 2139 1275 2170 not.
1306 2131 1355 2170 cf.
1378 2131 1428 2170 ad
1441 2130 1511 2170 lib.
1527 2134 1579 2180 V,
1595 2142 1614 2181 7
1618 2132 1684 2181 58.
1703 2143 1790 2174 not.

192 1689 287 1743 astra
305 1705 348 1729 v.
369 1688 517 1742 fragm.
533 1689 663 1729 Vatic.
691 1689 759 1729 sed
776 1691 898 1744 strata
930 1687 973 1728 in
1004 1700 1132 1742 marg.
1187 1695 1342 1729 virorum
1370 1693 1531 1744 Hugen.

193 1750 302 1792 lentes
334 1754 458 1809 itfiant
493 1755 640 1793 Moret.
674 1750 749 1792 sec.

254 2293 370 2342 421.
404 2276 479 2325 Sic
515 2271 692 2338 Ulyffes
733 2273 969 2322 Phaeacum
1049 2268 1243 2319 Viarum
1283 2283 1430 2320 autem
1475 2290 1582 2321 cura
1622 2274 1671 2320 in
1711 2292 1830 2323 nova

190 2341 382 2391 urbem:
441 2339 666 2401 (θαύμαζεν
711 2339 748 2386 δ’
785 2339 973 2387 Ὀδυσεὺς
1047 2337 1227 2384 colonia
1260 2337 1362 2384 satis
1399 2339 1459 2384 est
1494 2338 1826 2387 memorabilis:

190 2411 360 2466 λιμένας
385 2407 459 2456 καί
490 2414 582 2458 νῆας
605 2404 721 2453 ἐΐσας
739 2413 827 2451 etc.
873 2404 968 2452 Od.
1045 2401 1241 2448 occurrit
1276 2418 1326 2447 ea
1364 2414 1539 2464 quoque
1574 2403 1621 2448 in
1652 2404 1831 2464 Cyrene

189 2491 238 2529 η,
270 2487 332 2536 43
354 2472 476 2536 seqq.
495 2487 628 2534 quem
650 2480 797 2516 totum
819 2468 971 2515 locum
1048 2481 1197 2512 recens
1239 2466 1422 2512 condita
1467 2467 1585 2529 apud
1640 2467 1828 2518 Pindar.

256 2540 331 2585 eta
398 2548 502 2583 ante
570 2535 724 2582 oculos
794 2532 970 2581 habuit.
1051 2529 1100 2578 P.
1127 2547 1174 2594 5,
1214 2545 1475 2594 117—124.

188 2549 419 2666 ffiagnum
468 2596 649 2647 aedificii
701 2611 812 2670 opus
858 2596 972 2644 bene
1118 2608 1177 2655 42
1186 2606 1388 2658 3-425.
1471 2595 1637 2656 Instant
1705 2594 1830 2656 operi

187 2679 298 2713 cum
339 2662 446 2714 cafis
481 2676 527 2712 et
570 2661 765 2728 tuguriis
788 2677 972 2724 compo·
1053 2659 1101 2706 T
1101 2658 1218 2720 yrii3
1252 2669 1302 2704 ut
1335 2659 1465 2721 plene
1496 2658 1660 2705 extulit
1692 2659 1831 2706 Silius

190 2729 345 2778 nitur:
407 2745 461 2777 ea
500 2728 603 2777 sunt
656 2726 863 2792 magalia,
917 2725 975 2772 de
1054 2722 1120 2778 II,
1156 2738 1246 2787 407
1282 2722 1377 2785 sqq.
1415 2723 1464 2768 in
1495 2723 1597 2769 loco
1619 2721 1723 2768 hinc
1747 2739 1826 2769 ex-

192 2794 361 2858 quibus
379 2812 424 2843 v.
446 2809 540 2842 var.
561 2793 664 2840 lest.
732 2789 975 2837 Dixeritne
1053 2788 1208 2851 preffo.
1286 2786 1549 2848 subvolvere
1599 2784 1727 2840 bene,
1782 2798 1834 2834 ut

191 2870 344 2908 autem
402 2864 543 2924 poeta
610 2856 718 2913 hoc,
783 2873 853 2902 ma
881 2854 976 2903 alia
1054 2852 1268 2905 declaret,
1300 2851 1349 2896 in
1399 2850 1538 2896 altum
1580 2848 1712 2896 educi
1757 2866 1829 2895 ar..

191 2921 415 2989 quondam,
471 2936 537 2975 ex.
576 2917 731 2968 AEneae
771 2935 849 2983 per
869 2935 973 2975 ona,
1054 2931 1169 2963 cem.
1233 2927 1391 2976 optare,
1424 2926 1472 2960 ut
1493 2914 1584 2969 ΙΙΙ,
1624 2928 1729 2978 109,
1769 2915 1832 2962 est

193 3003 255 3034 an
274 3002 331 3035 ex
351 2985 446 3042 sua,
479 2984 688 3034 dubitare
706 2984 834 3049 poffis
869 3000 974 3030 cum
1054 2979 1222 3042 eligere
1243 2979 1291 3024 h.
1326 2980 1359 3026 1.
1398 2994 1441 3024 v.
1475 2977 1667 3024 Cerdam
1699 2988 1744 3023 et
1767 2979 1830 3025 al.

194 3050 299 3103 νίῐο
319 3051 455 3106 (10ᾶο
474 3051 722 3117 (Mejjerotto
743 3048 790 3096 in
822 3047 977 3095 Dubiis
1055 3043 1282 3092 concludere
1298 3042 1438 3104 sulco,
1471 3041 1622 3087 fossam
1646 3040 1831 3096 ducere,

194 3126 246 3182 p.
291 3119 394 3178 34),
424 3125 472 3163 et
515 3114 550 3163 fi
589 3113 726 3170 illud,
759 3128 817 3160 an
861 3113 976 3158 reete
1056 3106 1244 3155 definire
1294 3105 1458 3152 aedium
1500 3105 1627 3176 situm
1667 3120 1720 3151 ac
1761 3105 1832 3150 Io-

195 3179 371 3229 diflum
413 3179 503 3229 sit.
599 3178 777 3226 Poterat
828 3187 978 3224 tamen
1057 3188 1163 3226 cum
1194 3170 1301 3217 foffa
1338 3169 1472 3240 fafla3
1506 3183 1554 3214 m
1577 3183 1708 3229 quem
1728 3166 1826 3214 fun-

197 3244 339 3293 etiam
359 3246 525 3295 AEneas
545 3242 705 3291 auditu
726 3242 822 3289 haec
854 3253 979 3287 acce·
1058 3237 1314 3282 damentum
1342 3233 1610 3280 immittatur
1631 3230 1704 3278 seu
1737 3247 1834 3278 cre·

191 3307 331 3375 piss'e3
353 3325 434 3357 nec
455 3305 621 3356 necesse
646 3302 796 3371 poetae
819 3316 868 3353 ut
891 3303 978 3350 hoc
1059 3300 1187 3364 pido.
1269 3297 1396 3344 Male
1446 3296 1504 3342 de
1557 3307 1703 3343 aratro
1758 3311 1835 3342 co-

198 3383 439 3422 moneret.'
465 3375 612 3437 stram
659 3376 834 3422 viarum
872 3369 982 3416 doc·
1060 3365 1223 3430 gitant.
1535 3423 1547 3434 ·
1618 3422 1629 3432 ·
1665 3421 1676 3432 .

198 3436 292 3489 tius
332 3454 468 3502 quam
518 3436 605 3485 viae
652 3435 808 3483 stratae.
891 3432 986 3479 Ex·
1126 3427 1238 3489 426.
1268 3425 1390 3489 Jura
1413 3422 1511 3472 sunt
1530 3423 1725 3486 Judlcia,
1756 3423 1839 3471 usu

199 3502 347 3571 qmpla
378 3500 552 3566 ,fiinilia
593 3498 780 3594 collegit
817 3495 984 3580 Cerda.
1062 3489 1271 3603 sollEenqi‚
1333 3489 1533 3554 adeoque
1570 3487 1618 3539 h.
1651 3487 1843 3615 31ἐὰἰὲξὲ
