2294 4030
690 212 782 337 .
842 268 1245 335 IRGILII
1330 269 1841 339 MARole

717 422 721 427 ’
748 452 793 499 3.
854 432 1035 482 Interea
1057 430 1275 494 Trojanae
1317 431 1527 479 mulieres
1565 431 1750 482 hortatu
1785 436 1945 496 Iridis,
1981 440 2086 493 Inn-

434 539 594 596 gaeque
702 508 1121 588 igationistaedio,“
1130 516 1284 581 ignem
1301 514 1352 562 in
1369 515 1545 563 claffem
1563 517 1838 582 conjiciunt,
1870 538 2087 588 quatuor..

432 631 522 681 que
542 629 676 661 naves
694 619 889 658 exurunt
909 622 922 654 ε
973 618 1144 654 caeterae
1180 601 1330 651 subita
1347 618 1373 648 a
1393 602 1511 664 J0ve
1536 603 1729 674 immissa
1751 608 1906 672 pluvia
1926 611 2085 663 incen-

432 702 517 750 dio
547 700 648 748 sunt
667 696 1008 762 ereptae—699.
1045 691 1198 739 Nocte
1220 687 1421 751 sequenti
1447 689 1690 749 Anchises,
1723 693 1880 743 AEneae
1911 697 2007 746 filio
2030 699 2083 749 in

430 786 598 836 somnis
619 798 851 850 apparens,
884 778 1012 843 Jovis
1032 774 1183 824 verbis
1203 775 1438 832 admonet,
1463 787 1536 832 ut,
1569 775 1740 826 Nautae
1759 780 1996 830 confilium
2017 783 2083 831 se.-

431 887 617 942 quutus,
635 871 844 921 mulieres
863 863 1156 947 imbellesque
1175 861 1298 910 senes
1320 863 1369 910 in
1393 863 1556 911 Sicilia
1571 863 1825 930 relinquat3
1858 866 1955 933 ipse
1973 885 2082 919 cum

423 962 677 1030 juventutis
693 958 857 1008 robore
869 951 1155 1026 integgaeqssk.
1166 951 1312 1000 aetatis
1342 952 1454 1000 flore
1470 951 1521 1000 in
1539 951 1722 1003 Italiam
1739 955 1952 1022 naviget:
2007 959 2084 1008 Si·

431 1050 654 1113 byllaeque
670 1042 879 1110 inprimis
901 1040 1084 1088 antrum
1104 1035 1235 1087 adeat
1256 1054 1270 1117 t
1302 1037 1430 1085 illius
1448 1038 1574 1086 enim
1596 1038 1738 1088 ductu
1759 1038 1804 1088 se
1825 1040 2084 1121 inncampm

434 1134 604 1198 Elysios
623 1131 707 1179 effe
727 1134 984 1201 venturum,
1015 1122 1098 1186 ubi
1117 1135 1164 1172 et
1183 1122 1457 1202 posteritatis
1484 1123 1576 1172 suae
1597 1121 1764 1174 seriem
1784 1126 2081 1195 omniumque

345 1210 351 1216 ⁴
426 1218 690 1271 instantium
714 1214 936 1268 bellorum
957 1205 1102 1280 discat
1122 1214 1426 1276 eventum—7
1434 1226 1531 1277 409
1560 1208 1786 1284 224⁰&ss
1823 1210 1979 1278 itaque
1999 1231 2080 1279 pa.-

367 1283 370 1286 ’
427 1304 568 1355 ternis
591 1284 949 1364 mofefflg‘eoens
969 1279 1167 1352 AEneffi.
1186 1290 1410 1360 oppidmn
1450 1296 1510 1343 in*
1523 1281 2080 1352 §ienis'edndit-‘u'bmioe

426 1395 636 1448 Acestam
655 1407 667 1437 ε
701 1405 756 1436 eo
777 1399 823 1435 et
844 1398 1039 1434 matrum
1058 1398 1104 1433 et
1126 1385 1281 1432 senum
1297 1383 1420 1430 bello
1442 1383 1657 1432 inutilem
1679 1384 1913 1439 coloniam
1934 1387 2077 1436 trans-

424 1480 608 1530 scribit:
642 1476 735 1541 ipse
756 1452 864 1523 cum
885 1471 1109 1521 exercitus
1132 1472 1295 1520 robore
1318 1471 1499 1519 Italiam
1525 1460 1765 1540 petit—77
1775 1477 1820 1524 8.
1883 1475 2078 1528 Interim

425 1569 687 1635 Neptunus,
723 1560 915 1610 Veneris
954 1559 1165 1626 precibus
1203 1572 1432 1615 exoratus,
1483 1559 1721 1626 naviganti
1762 1560 1920 1610 AEneae
1956 1579 2081 1611 mare

426 1671 577 1708 tutum
595 1643 861 1722 praestat—8
868 1669 947 1716 34.
1015 1649 1272 1705 Palinurus,
1312 1649 1362 1697 in
1394 1662 1520 1697 tanta
1540 1649 1779 1699 securitate
1799 1652 1957 1713 somno
1980 1652 2080 1701 suc-

424 1746 661 1800 cumbenS,
693 1759 783 1790 una
819 1757 924 1788 cum
955 1739 1264 1806 gubernaculo
1284 1738 1334 1787 in
1359 1754 1483 1786 mare
1501 1737 1762 1786 excutitur:
1797 1737 1982 1804 ejusque
2003 1739 2075 1789 vi·

421 1847 523 1880 oem
543 1828 717 1894 supplet
737 1826 921 1876 AEneas.

1287 1968 1448 2034 Itaque
1487 1973 1626 2034 poeta
1660 1971 1875 2036 praeclare
1895 1989 1952 2021 eo
1977 1989 2074 2022 rem

492 1980 580 2027 Pro
600 1976 807 2042 episodio
842 1973 1100 2022 habendum
1123 1972 1207 2019 effe
1445 2034 1456 2044 θ
1917 2038 1926 2047 ·
1955 2038 1965 2047 .
2021 2039 2032 2046 .

1288 2037 1500 2091 adduc1t,
1536 2048 1585 2082 ut
1606 2036 1774 2085 AEneas
1809 2050 1931 2103 patri
1951 2040 2070 2089 infe-

428 2046 644 2107 majorem
680 2041 791 2089 libri
827 2054 1017 2104 partem,
1050 2036 1208 2102 negari

426 2110 605 2174 nequit,
656 2124 738 2154 nec
776 2119 928 2152 tamen
968 2103 1025 2149 ab
1072 2119 1206 2166 argu..

424 2187 578 2225 mento
597 2172 728 2236 epico
748 2170 862 2217 illud
879 2168 1124 2230 sejunctum
1142 2179 1206 2223 et,

423 2257 527 2305 quae
562 2256 589 2285 a
631 2234 785 2284 multis
827 2234 1110 2296 frequentata
1146 2234 1205 2280 est

422 2301 723 2370 reprehensio,
788 2298 985 2346 alienum
1035 2297 1204 2344 haben-

422 2372 551 2419 dum.
621 2366 775 2414 Primo
797 2363 917 2411 libro
944 2361 1032 2408 iter
1051 2378 1108 2409 ex
1132 2361 1203 2408 Si-

423 2435 534 2484 cilia
557 2431 606 2479 in
639 2429 821 2477 Italiam
843 2425 1041 2473 faciebat
1063 2427 1202 2473 AEne-

424 2517 489 2558 ³53
513 2497 700 2559 rejeftus
719 2492 884 2542 acursu
906 2490 986 2537 suo
1004 2490 1053 2537 in
1074 2490 1202 2537 Afri-

420 2580 525 2613 cam
558 2576 681 2608 nunc
721 2558 910 2605 eandem
950 2555 1200 2620 navigatio-

424 2645 530 2677 nem
553 2623 733 2690 repetit,
760 2635 803 2669 et
822 2620 1009 2684 jamjam
1033 2622 1089 2666 ad
1111 2621 1202 2667 Ita-

422 2695 498 2741 liae
519 2691 676 2740 littora
694 2686 981 2752 appulsururn
997 2699 1100 2732 eum
1123 2685 1206 2733 effe

422 2756 640 2823 sperabas.
708 2752 829 2799 Ecce
864 2748 953 2796 tibi
984 2763 1103 2796 nova
1137 2751 1202 2797 rei

422 2839 551 2870 mora
580 2815 820 2881 injicitur!
858 2814 1022 2862 iterum
1059 2814 1204 2862 ventis

422 2884 661 2941 contrariis
690 2901 715 2930 a
756 2878 889 2928 cursu
922 2877 1131 2941 depulsus
1152 2878 1202 2925 in

407 2948 628 3001 ‘Siciliam
650 2947 869 2995 defertur.
935 2941 1091 3016 Multa
1105 2959 1204 2990 om..

420 3018 532 3072 nino
556 3014 605 3062 in
630 3011 790 3060 Sicilia
824 3019 952 3057 erant
968 3006 1205 3081 ‘Trojano-

417 3098 520 3130 rum
555 3091 601 3127 et
638 3079 795 3128 AEneae
825 3071 1029 3137 vestigia,
1063 3083 1114 3119 ut
1148 3088 1199 3120 in

420 3143 629 3193 Excursu
668 3140 910 3190 monitum.
977 3136 1133 3185 Claffis
1170 3153 1198 3185 a

420 3207 638 3272 Trojanis
689 3203 956 3253 mulieribus
997 3199 1198 3259 incensa,

404 3274 574 3323 *fabula
605 3283 699 3319 erat
729 3267 910 3333 vulgari
940 3265 1198 3314 narratione

417 3331 543 3390 trita.
609 3337 723 3387 Non
754 3333 900 3397 igitur
917 3329 1060 3378 otiose
1080 3330 1195 3378 defi-

418 3396 526 3455 dere
554 3402 603 3450 in
637 3398 798 3449 Sicilia
819 3407 993 3460 poterat
1012 3395 1198 3468 AEneas,

419 3483 503 3515 nec
546 3463 725 3514 incensa
768 3461 905 3509 claffis
955 3475 1196 3507 memorari

419 3531 502 3581 nifi
518 3526 807 3602 probabiliali
820 3542 910 3592 qua
928 3525 987 3577 de
998 3523 1197 3581 tatione.

1289 2100 1377 2147 rias
1397 2099 1552 2156 faciat,
1586 2100 1718 2148 ludos
1753 2102 1962 2151 funebres
1998 2103 2071 2151 in·

1288 2165 1461 2220 stituat,
1513 2165 1644 2212 claffe
1683 2166 1863 2214 incensa
1896 2181 2071 2232 partem

1287 2230 1511 2276 comitum
1535 2230 1732 2293 deponat
1756 2231 1804 2279 in
1824 2231 1988 2287 insula,
2023 2247 2072 2282 et

1287 2295 1399 2342 urbe
1433 2310 1554 2340 nova
1595 2296 1784 2343 condita
1821 2313 1925 2344 cum
1961 2297 2067 2347 reli.-

1284 2359 1387 2421 quis
1416 2358 1635 2407 discedat.
1703 2361 1918 2426 Agnosce
1953 2369 2069 2428 poe·

1284 2435 1343 2469 tae
1382 2423 1470 2472 five
1509 2424 1747 2488 ingenium
1799 2425 1889 2474 five
1940 2427 2068 2492 judi·

1283 2488 1405 2535 cium
1442 2487 1563 2535 etin
1587 2489 1705 2538 hoc:
1765 2489 1892 2539 Dum
1930 2493 2064 2540 ludo·

1282 2569 1383 2600 rum
1435 2552 1645 2603 festivitas
1697 2555 1818 2604 viros
1869 2557 2067 2614 detinet,

1281 2617 1467 2665 navium
1511 2618 1896 2671 incendendarum
1952 2635 2066 2672 tem-

1281 2699 1363 2746 pus
1385 2698 1437 2730 ac
1454 2681 1665 2740 facultas,
1699 2703 1801 2749 quae
1834 2685 1945 2734 alias
1981 2687 2064 2752 virg

1282 2763 1521 2795 occurrere
1588 2762 1782 2812 poterat,
1862 2750 2064 2811 feminis,

1281 2828 1383 2876 quae
1402 2810 1507 2860 solae
1522 2813 1686 2863 relictae
1704 2815 1826 2873 sunt,-
1859 2816 1964 2863 data
1983 2819 2062 2870 est.

1279 2876 1475 2925 AEneam
1492 2889 1642 2925 autem
1659 2894 1765 2927 cum
1787 2879 1954 2944 pietate
1967 2894 2060 2929 tam

1279 2939 1499 3005 insignem
1522 2941 1605 2989 esse
1625 2943 1737 2991 velit
1755 2950 1911 3007 poeta,
1945 2945 2058 3009 quid

1280 3005 1426 3069 magis
1447 3005 1811 3063 consentaneum,
1825 3026 1978 3073 ⁴quam
2009 3022 2064 3059 ut

1279 3069 1319 3116 is
1338 3069 1480 3135 patris
1498 3069 1718 3120 Manibus
1756 3073 1900 3121 sacras
1928 3075 2060 3125 ‘everi-.-

1280 3133 1457 3182 monias
1477 3135 1732 3209 persolvat?
1763 3137 1822 3190 In
1841 3138 2057 3190 ludorum

1277 3197 1600 3263 descriptione,
1630 3201 1755 3266 quod
1791 3218 1938 3251 rerum
1975 3221 2056 3270 ge-

1275 3278 1361 3311 nus
1395 3263 1584 3315 omnino
1637 3266 1838 3315 multum.
1870 3282 2056 3320 ornatus

1276 3326 1500 3384 admittit,
1528 3326 1669 3378 facile
1699 3331 1762 3379 est
1797 3331 1855 3379 ad
1885 3332 2058 3383 intelli.

1275 3392 1498 3458 gendum,
1554 3393 1772 3459 majorem
1809 3397 2054 3458 veteribus,

1275 3458 1442 3520 quibus
1458 3458 1591 3522 poeta
1611 3467 1738 3508 tuum
1760 3477 1868 3524 epos
1885 3478 2057 3528 pange-

1274 3521 1372 3580 bat,
1415 3521 1701 3590 suavitatem,
1753 3542 1892 3594 quam
1929 3542 2053 3639 nugi-c

1403 3601 1430 3641 x
1921 3607 1982 3639 no
2018 3607 2058 3641 is
