2294 4030
469 425 584 487 216
682 420 754 482 Ρ.
810 380 1309 482 νικσηιι,
1377 416 1875 478 MARoms

473 590 765 670 Corpora,v
801 609 1025 669 perque
1048 588 1281 660 domos,
1323 600 1382 646 et
1408 585 1674 666 religiosa
1697 585 1945 668 deorum
1990 591 2106 666 365

469 696 734 762 Limina.
819 701 951 761 Nec
980 701 1087 760 soli
1116 721 1326 781 poenas
1353 699 1500 758 dant
1543 697 1822 777 sanguine
1853 698 2110 758 Teucri:

470 815 800 897 Qondam
829 815 1010 874 etiarn
1039 814 1209 873 victis
1238 813 1391 872 redit
1418 813 1481 872 in
1521 812 1854 893 praecordia
1882 812 2067 872 virtus
2090 839 2108 879 3

469 933 847 1014 Victoresque
876 935 1098 995 cadunt
1127 934 1342 993 Danai.
1433 931 1704 991 Crudelis
1731 932 1955 1011 ubique

469 1047 715 1123 Lugius,
732 1050 952 1129 ubique
969 1069 1169 1128 pavor,
1180 1061 1239 1107 et
1254 1046 1515 1127 plurima
1531 1047 1741 1105 mortis
1757 1045 1978 1125 imago,
1994 1045 2115 1125 369

553 1162 786 1222 Primus
809 1163 882 1234 se,
925 1163 1202 1221 Danaum
1229 1181 1444 1241 magna
1470 1160 1796 1219 comitante
1822 1174 2072 1230 caterva,

469 1270 828 1355 Androgeus
854 1277 1052 1336 obfert
1081 1277 1271 1346 nobiS‚
1313 1275 1469 1335 socia
1494 1275 1735 1355 agmina
1762 1275 2012 1334 credens

470 1387 698 1446 Inscius
719 1417 735 1455 ς
779 1364 955 1466 atque
983 1388 1140 1446 ultro
1169 1387 1367 1446 verbis·
1390 1386 1689 1466 conpellat
1717 1387 1927 1446 amicis
1948 1410 1985 1446 ι’

472 1499 787 1572 Festinate,
832 1500 967 1572 viri,
1010 1521 1150 1557 nam
1178 1519 1316 1578 quae
1345 1514 1471 1557 tam
1501 1498 1623 1558 sera
1650 1513 1917 1558 moratur

473 1608 807 1690 Segnities?
851 1609 951 1667 alii
980 1610 1217 1688 rapiunt
1246 1609 1475 1668 incensa
1502 1609 1819 1688 feruntque
1996 1626 2117 1686 374

471 1698 799 1806 Pergamai
843 1744 945 1783 vos
975 1722 1138 1782 celfis
1168 1743 1325 1782 nunc
1349 1723 1617 1802 primum
1645 1704 1953 1782 anavibus
1981 1722 2117 1782 itis?

472 1839 648 1899 Dixit
671 1862 684 1896 :
721 1853 778 1896 et
796 1836 1101 1916 extemplo
1121 1844 1338 1914 (neque
1358 1836 1521 1895 enim
1539 1835 1811 1914 responsa
1829 1814 2120 1898 dabantur

531 2005 629 2055 365.
658 2007 774 2045 domus
805 2004 885 2043 duo
922 2004 1059 2044 Heins.
1108 2014 1244 2057 perque
1277 2005 1360 2042 vias
1381 2013 1414 2041 et
1429 2002 1585 2058 relig-iffa
1604 2003 1641 2042 d.
1676 2001 1824 2042 omiffis
1844 2003 1990 2043 mediIS
2007 2004 2121 2050 Voss',

473 2083 589 2109 unus.
701 2069 793 2119 366.
820 2071 909 2109 dant
934 2081 1063 2124 poenas
1093 2081 1160 2120 qu.
1191 2070 1340 2106 Morct.
1454 2068 1546 2116 367.
1577 2066 1752 2119 Legitur
1777 2076 1818 2106 et
1837 2069 2001 2121 quaedam
2019 2068 2120 2108 teste

475 2136 551 2174 Ge.
575 2134 766 2173 Fabricio.
824 2133 900 2173 Sed
930 2133 1139 2185 vulgatam
1170 2130 1293 2170 etiam
1326 2129 1583 2182 grammatici
1602 2128 1778 2168 firmant.
1893 2131 1986 2184 369.
2013 2134 2121 2172 noHis

475 2202 588 2251 imago
607 2199 759 2250 aliquot
777 2211 839 2252 ap.
863 2197 968 2236 Pier.
1078 2205 1174 2245 370.
1196 2196 1340 2233 Primus
1350 2193 1417 2248 sed
1429 2193 1622 2232 Rottend.
1675 2209 1806 2248 magna
1824 2197 1995 2238 Danaum
2010 2199 2122 2237 Dor-

474 2264 560 2303 vill.
676 2274 764 2314 371.
796 2263 1007 2315 Androgeus
1026 2259 1219 2312 rescripsit
1240 2259 1379 2298 Heius.
1400 2258 1486 2310 post
1508 2258 1687 2297 Pierium
1708 2273 1800 2298 cum
1816 2259 1928 2300 libris
1952 2263 2122 2315 potiori-

475 2329 564 2368 bus.
622 2329 758 2381 Vulgo
770 2329 989 2382 Androgeos.
1028 2340 1067 2366 v.
1089 2325 1224 2364 Heins.
1265 2326 1310 2376 st
1342 2324 1443 2378 cffirt
1476 2323 1543 2362 alii
1575 2337 1635 2376 ap.
1677 2323 1778 2363 Pier.
1834 2326 1936 2380 effert
1957 2329 2124 2382 Hugen,

476 2403 684 2441 -372.
713 2393 852 2446 affatur
869 2393 1003 2444 Bigot.
1118 2399 1210 2438 373.
1238 2400 1309 2427 tam
1323 2390 1417 2427 lenta
1439 2387 1573 2434 Witt.‚
1599 2387 1726 2426 sedin
1760 2401 1888 2442 marg.
1911 2391 2008 2445 stra,

475 2469 527 2507 37
533 2469 572 2506 5.
602 2474 692 2497 nunc
711 2456 817 2496 deest
836 2459 999 2508 Menag.
1052 2462 1076 2494 a
1094 2453 1199 2492 deest
1215 2452 1393 2504 Parrhas.
1409 2461 1447 2490 et
1461 2452 1588 2490 Goth.
1605 2461 1701 2491 tert.
1758 2469 1848 2493 nunc
1859 2458 2013 2508 primum
2032 2457 2124 2509 celsts

476 2538 502 2562 α
521 2523 675 2562 navibus
696 2523 793 2559 Exc.
817 2522 953 2560 Burm.
1011 2534 1075 2558 vos
1096 2534 1185 2557 nunc
1205 2518 1394 2557 anavibus
1413 2518 1552 2555 Lutat.
1573 2516 1623 2555 ad
1648 2517 1744 2556 Stat.
1765 2518 1844 2556 V11
1869 2518 2003 2559 Theb.
2026 2531 2123 2575 229.

471 2600 497 2624 a
509 2586 689 2640 puppibus
709 2583 944 2623 Hamb.sec.
998 2583 1040 2620 In
1062 2580 1142 2620 fine
1163 2581 1301 2621 versus
1320 2579 1681 2634 interrogationem
1707 2580 1860 2622 addunt
1892 2582 1972 2622 duo
1992 2584 2124 2625 Hein-

473 2648 581 2688 fiani.
697 2649 790 2699 376.
820 2663 928 2702 neque
932 2646 1014 2699 jam
1027 2646 1162 2698 Bigot.

469 2756 558 2813 tia,
582 2769 631 2804 ut
653 2773 834 2819 pecora.
853 2767 902 2804 ut
924 2754 1010 2803 inf.
1034 2752 1126 2809 IV,
1150 2755 1258 2819 158.
1407 2767 1517 2815 370,
1551 2749 1786 2814 Androgeos
1801 2748 1912 2797 alibi
1929 2765 2023 2797 non
2044 2767 2124 2798 oc·

470 2821 592 2869 Mox
603 2836 754 2885 poenas
773 2823 877 2868 dant
897 2836 979 2884 pro
1006 2818 1258 2875 caeduntur,
1340 2816 1482 2863 currit
1512 2815 1562 2862 in
1581 2814 1781 2862 Troicis.
1851 2813 2126 2879 Pomponius

471 2887 745 2943 moriuntur,
778 2898 827 2934 ut
846 2885 969 2932 Serv.
1001 2883 1129 2931 bene.
1341 2881 1560 2928 Sabinus:
1609 2880 1721 2927 miles
1757 2879 1981 2944 Mnesthei,
2015 2878 2128 2928 ducis

540 2955 650 3017 367.
686 2950 917 2998 Sententia
936 2949 1110 3004 eadem,
1132 2947 1261 2995 aliter
1339 2946 1630 3000 Athenarzim5
1697 2943 1851 2994 nescio
1888 2945 2007 2991 unde
2044 2945 2126 2990 ha-

470 3026 624 3063 tamen
655 3016 870 3080 expressa,
904 3012 1040 3062 Iliad.
1067 3014 1112 3072 ξ,
1145 3017 1257 3076 480.
1336 3007 1729 3121 loeat.VIDiversus
1765 3009 1825 3055 est
1862 3007 2042 3056 Minois
2071 3008 2125 3056 fi-

515 3085 590 3128 81.
1356 3091 1425 3122 lus
1517 3111 1532 3131 ,
1569 3092 1645 3123 20.

475 3097 511 3143 4
539 3148 650 3206 368.
699 3150 808 3210 369.
865 3141 1058 3194 Crudelis
1109 3140 1258 3199 lullus,
1405 3155 1515 3204 374.
1551 3140 1759 3202 Rapiunt,
1777 3143 2031 3203 feruntque,
2075 3139 2128 3186 α’ί-

468 3221 542 3263 ut,
556 3215 712 3275 scevus
733 3211 861 3268 dolor,
892 3210 974 3274 qui
1008 3207 1058 3255 in
1079 3223 1159 3254 nos
1181 3207 1257 3254 sae-
1339 3224 1440 3264 γεω-ι
1480 3204 1553 3252 καῖ
1588 3208 1753 3266 <oseae-c,
1785 3214 1835 3249 ut
1857 3215 2031 3250 notum.
2080 3220 2127 3252 v.

467 3275 555 3324 vit.
611 3275 800 3338 plurima
825 3282 972 3341 *mortis
1004 3277 1160 3338 imag0,
1207 3272 1256 3318 h.
1339 3270 1509 3331 Cerda.
1548 3287 1550 3289 ·
1574 3269 1725 3315 Modo
1747 3282 1954 3330 quaenam
1977 3265 2127 3330 segni-

468 3355 511 3388 e.
533 3337 681 3405 ubique
714 3341 854 3389 caedes
890 3339 1007 3386 facta
1029 3336 1261 3392 cernitur3
1338 3334 1424 3381 ties
1439 3345 1531 3381 tarn
1553 3339 1679 3396 sera,
1723 3347 1824 3393 quae
1860 3329 1977 3378 seros
1995 3330 2128 3388 facit,

464 3405 621 3467 passim
649 3405 866 3453 caesorum
904 3403 1122 3452 cadavera
1148 3416 1255 3466 pro-
1338 3397 1393 3446 id
1410 3398 1488 3454 est,
1522 3398 1692 3445 tardos.
1728 3396 1853 3442 Serv.

460 3469 598 3532 Jesta.
655 3467 809 3534 Magis
829 3469 915 3516 hoc
933 3465 1254 3516 accommoda·
1403 3466 1514 3526 376.
1549 3463 1759 3526 Responsa
1789 3479 1869 3507 non
1878 3458 1979 3522 fida
1994 3461 2132 3520 satis,

463 3545 564 3581 turn
585 3532 970 3588 antecedentibus,
1004 3547 1142 3596 quam
1175 3545 1251 3577 va·
1334 3525 1502 3592 quibus
1522 3525 1633 3575 fides
1667 3523 1830 3578 haberi
1850 3523 2130 3588 nonpotest,

462 3595 549 3644 rias
571 3597 706 3645 caedis
729 3597 898 3648 formas
915 3609 961 3645 et
982 3610 1149 3664 genera
1176 3593 1249 3644 in-
1330 3608 1431 3655 quae
1452 3590 1587 3639 fidem
1626 3606 1719 3638 non
1761 3588 1958 3660 faciunt,
1991 3587 2131 3634 adeo-

459 3661 682 3735 telligete.
746 3701 749 3712 .
1041 3702 1044 3704 .
1327 3671 1418 3721 que
1437 3653 1650 3731 suspecta.
1726 3651 1943 3717 Respexit
1958 3651 2144 3765 vgtrsttirgz

974 3759 978 3762 ,
1984 3745 1986 3747 >
2026 3731 2051 3762 a
