2294 4030
406 417 565 486 -ιςο
804 396 1436 465 ExcuRsth
1539 358 1736 466 ‘xm

460 573 615 618 a'e‘rem
634 527 891 631 sublatum3
925 588 1029 620 cum
1054 570 1166 620 alibi
1188 572 1306 641 nube
1326 573 1397 620 vel
1419 572 1621 625 obscura
1633 573 1830 643 caligine
1862 575 2100 631 involvant

461 642 506 690 fe
524 644 613 702 dii,
632 643 802 710 quippe
823 646 903 710 qui
917 646 1123 703 omnino,
1153 659 1203 693 ut
1234 645 1366 692 invisi
1389 647 1491 703 sint,
1514 646 1635 693 nube
1655 640 1943 712 sebperiant,
1966 661 2100 713 atque

451 733 529 764 eos
549 735 747 784 quoque,
766 737 878 784 quos
898 720 1142 768 subducere
1162 721 1235 768 vel
1257 720 1486 767 occultare
1505 720 1685 777 volunt,
1708 721 1830 768 nube
1849 722 2101 777 obducant,

447 801 500 838 ut
533 793 668 840 toties
701 809 775 858 ap.
801 794 1059 842 Homerum
1083 795 1146 842 fit.
1215 792 1303 840 Sed
1326 793 1428 840 aliis
1448 793 1562 841 locis
1595 794 1807 846 abeuntes
1818 794 1927 843 deos
1947 795 2103 844 decla-

447 877 519 913 rat
539 866 728 915 incessus
747 867 858 915 levis
878 884 930 915 ac
952 867 1088 922 celer,
1123 878 1168 914 et
1203 868 1379 914 volanti
1418 867 1596 925 similis,
1631 880 1682 915 ut
1706 867 1781 915 vix
1802 869 1992 934 pedibus
2012 882 2103 918 ter-

449 957 547 989 ram
571 941 825 1006 attingant;
860 941 1008 1005 qualis
1047 941 1236 988 omnino
1280 941 1470 988 deorum
1515 941 1700 990 incessus
1730 943 1814 990 esse
1833 943 2054 1001 fertur,''
2028 965 2104 991 uve

455 1005 602 1071 χθόνα
621 1009 796 1070 μάςπτε
819 1008 1029 1060 πόδεσσιν,
1063 1005 1200 1053 Iliad.
1239 1007 1283 1064 ξ,-
1325 1011 1433 1055 228.
1468 1007 1530 1054 cf.
1572 1011 1681 1069 284.
1717 1023 1776 1071 ς,
1802 1008 1942 1056 modo
1973 1008 2108 1056 stellae

458 1082 600 1129 fatuae
620 1081 802 1129 cadenti
822 1081 957 1129 Iliad.
984 1081 1025 1136 δ,
1047 1098 1071 1145 7
1080 1099 1126 1146 5
1150 1081 1289 1128 modo
1305 1080 1544 1137 columbae,
1569 1080 1708 1127 modo
1728 1081 1962 1146 accipitris
1984 1083 2107 1130 vola·

462 1156 535 1204 tui
557 1167 858 1219 comparatus.
925 1155 1080 1202 Notus
1110 1155 1235 1202 locus
1262 1153 1398 1202 Iliad.
1422 1175 1457 1211 ε,
1484 1157 1577 1218 778
1615 1154 1672 1201 Αἱ
1695 1154 1735 1202 δὲ
1757 1157 1893 1209 βάτην
1916 1158 2082 1220 τςήςωσ
2098 1178 2111 1202 ι

456 1233 669 1280 πελειάσιν
694 1229 858 1289 ἴθμαθ’
881 1231 1034 1289 ὁμοῖαι.
1106 1228 1155 1274 H
1159 1244 1276 1292 arpae
1296 1226 1450 1284 etiam,
1473 1244 1572 1291 quae
1589 1243 1645 1274 ex
1668 1227 1924 1291 aquilarum
1945 1239 2108 1294 genere

456 1308 536 1362 est,
559 1305 776 1352 Minerva
808 1306 932 1352 coelo
952 1303 1223 1351 descendens
1246 1302 1517 1349 affimulatur
1556 1301 1694 1348 Iliad.
1733 1322 1781 1359 τ,
1823 1319 2028 1368 350.1‚
2060 1316 2109 1352 et

456 1380 703 1444 Neptunus
733 1378 999 1427 Calchantis
1048 1378 1209 1445 habitu
1247 1376 1453 1424 Achivos
1492 1378 1551 1423 ad
1605 1394 1805 1442 pugnam
1845 1379 2110 1429 adhortatus

458 1453 595 1501 Iliad.
621 1477 658 1510 ν,
691 1455 751 1502 62
774 1454 870 1518 sqq.
938 1453 1072 1501 Ain-05
1107 1452 1160 1506 δ,
1181 1457 1250 1504 ἔας’
1274 1452 1364 1514 ign}
1402 1453 1630 1514 ‹imvm-egos
1661 1454 1767 1514 ὧξτο
1787 1452 1997 1502 πέτεσθαι
2018 1467 2112 1503 etc.

459 1540 507 1577 et
526 1527 713 1590 subjicit
750 1529 907 1591 Ajax:
944 1544 1037 1574 non
1077 1527 1152 1573 hic
1185 1526 1273 1574 fuit
1306 1526 1531 1574 Calchas.
1559 1531 1708 1589 ’Ἰχνια
1747 1530 1834 1591 ογόις
1876 1528 2115 1588 μετόπισθε

459 1593 589 1643 «ποδων
608 1592 674 1644 ’ᾗδὲ
700 1595 885 1652 κνημάων
900 1593 997 1640 Pst'
1012 1596 1140 1651 ἔγνων
1162 1594 1350 1639 απιόντος
1381 1591 1494 1655 (levi
1514 1590 1685 1640 seilicet
1706 1605 1752 1639 et
1769 1593 1974 1658 suspenso
1993 1593 2115 1659 gres-

461 1669 564 1730 su)·
588 1669 813 1731 ἀξιγνωτοι
837 1668 877 1715 δὲ
902 1665 990 1715 θεοί
1015 1689 1112 1730 πεξ.
1187 1665 1287 1712 At
1275 1682 1322 1712 ln
1347 1665 1507 1727 Odyff.
1531 1689 1580 1721 οι,
1618 1682 1712 1728 320
1739 1665 1971 1726 Minerva,
2007 1684 2116 1716 cum

458 1743 545 1791 sub
567 1743 740 1791 Mentae
760 1743 950 1808 persona
976 1740 1245 1790 Telemachi
1276 1740 1481 1810 animum
1503 1739 1723 1798 erexisset,
1760 1746 2064 1807 avessnaogms
2082 1744 2119 1791 δ’

464 1820 516 1866 ὥς
534 1821 717 1868 ἀνόπαια
740 1819 964 1873 διέπτατο,
983 1828 1028 1864 et
1051 1816 1214 1878 Odyss,
1235 1838 1285 1874 ey,
1309 1830 1365 1878 37
1379 1831 1419 1861 Ι.
1467 1828 1493 1859 2
1529 1813 1686 1860 eadem
1722 1817 1843 1879 apud
1878 1816 2119 1866 Nestorem

465 1897 606 1948 ἀπέβη
628 1896 733 1959 <brim
756 1894 947 1952 εἰδομένη·
975 1891 1145 1949 θάμβος
1181 1890 1214 1935 δ’
1238 1894 1301 1937 ἕλε
1325 1890 1494 1936 πάντας
1527 1887 1701 1936 ἶδόντας.
1767 1890 1993 1955 Serpentis
2025 1892 2119 1957 ΙΕΡ-

468 1967 565 2016 sum
591 1985 642 2015 ac
665 1970 857 2015 traditum
879 1966 1096 2029 nusquam
1133 1980 1158 2010 a
1193 1962 1343 2027 poetis
1379 1961 1555 2009 Graecis
1589 1962 1689 2010 vidi
1724 1963 1914 2012 deorum
1937 1965 2122 2015 incessui
2162 1981 2165 1984 ·

468 2042 742 2089 affimulari:
778 2041 885 2088 vide
908 2052 1058 2086 tamen
1079 2039 1238 2102 Spenc.
1265 2036 1323 2082 ad
1361 2036 1407 2082 h.
1453 2036 1486 2082 l.
1553 2036 1792 2101 Singulare
1825 2039 1884 2086 est
1917 2038 2003 2089 inf.
2023 2039 2121 2096 IX,

477 2132 552 2180 15.
575 2133 650 2181 19,
674 2115 798 2180 quod
820 2114 904 2161 Iris
922 2130 1028 2161 arcu
1052 2124 1098 2159 et
1131 2111 1283 2158 sereno
1306 2110 1424 2157 coelo
1447 2108 1682 2158 discessum
1703 2110 1832 2160 suurn
1865 2112 2124 2165 mirabilem

471 2189 602 2239 facit.

542 2264 665 2312 Cum
687 2264 762 2312 dei
786 2263 970 2311 discessu
995 2259 1283 2324 conjunflum
1318 2257 1549 2306 interdum
1574 2256 1710 2315 illud,
1743 2270 1794 2306 ut
1815 2272 1977 2324 praeter
1997 2273 2127 2311 natu-

474 2356 572 2387 ram
590 2338 707 2385 mira
727 2338 878 2401 aliqua
901 2337 948 2383 vi
971 2335 1090 2382 affici
1122 2332 1283 2380 sentiat
1317 2332 1456 2379 modo
1478 2330 1680 2378 animum
1704 2333 1842 2381 modo
1875 2351 2037 2401 corpus
2068 2337 2126 2393 is,

475 2413 686 2476 quicum
709 2413 795 2459 deo
818 2411 866 2457 in
904 2409 1140 2457 mortalem
1177 2417 1349 2452 mutato
1386 2417 1555 2470 egerat.
1624 2405 1701 2452 Sic
1725 2406 1854 2471 supra
1875 2422 2128 2458 memorato

476 2489 583 2535 loco
604 2487 740 2535 Iliad.
781 2511 816 2541 v,
843 2490 901 2536 62
941 2486 1005 2549 sq.
1077 2482 1366 2547 Neptunum,
1391 2482 1470 2546 qui
1502 2482 1768 2531 Calchantis
1799 2485 2034 2548 personam
2057 2487 2127 2535 in-

479 2562 659 2618 duerat,
683 2562 887 2626 agnoscit
913 2561 1036 2623 Ajax
1056 2574 1270 2605 manuum
1287 2557 1542 2621 pedumque
1559 2555 1742 2604 insolito
1760 2558 1919 2623 vigore
1938 2561 2127 2612 virium-

481 2653 572 2700 que
593 2636 854 2690 refedfione,
880 2653 927 2683 v,
953 2653 1030 2701 74.
1058 2651 1138 2697 75,
1160 2643 1205 2678 et
1227 2631 1439 2695 tetigerat
1477 2648 1582 2678 eum
1615 2631 1724 2678 deus
1755 2632 1986 2684 discedens
2010 2636 2130 2703 scep-

481 2725 555 2759 tro
589 2711 688 2758 suo.
756 2711 965 2758 Imitatus
999 2710 1086 2756 hoc
1119 2708 1180 2754 est
1203 2706 1365 2771 Qint.
1392 2707 1494 2755 Cal.
1522 2705 1617 2763 XI,
1647 2723 1914 2773 142-144,
1980 2711 2127 2763 Aliud

480 2785 742 2848 exemplum
776 2785 913 2832 habes
934 2783 1069 2830 Iliad.
1096 2804 1136 2838 v,
1178 2783 1254 2828 81.
1302 2797 1390 2829 110
1425 2779 1659 2844 Apollinis
1687 2781 1880 2829 AEneam
1903 2784 2130 2836 restituen.

486 2860 571 2908 tis:
610 2860 682 2907 Ὠς
704 2862 820 2908 εἰπὼν
855 2863 1052 2917 ἔμπνευσε
1075 2860 1187 2916 μένος
1224 2858 1341 2914 μέγα
1373 2859 1530 2912 ιῚιόιμωένι
1560 2859 1689 2908 λαῶν,
1710 2866 1757 2902 et
1779 2855 1938 2920 odyss.
1962 2881 2012 2916 a,
2037 2879 2132 2924 320

487 2933 705 2983 Minerva
728 2935 962 2982 discedens
986 2931 1266 2980 Telemacho
1287 2947 1379 2977 non
1415 2931 1551 2977 modo
1589 2929 1775 2988 incessu,
1814 2931 1892 2980 sed
1920 2947 1967 2983 et
1997 2952 2053 2985 ex
2075 2955 2133 2987 eo

490 3009 726 3058 manifesta
746 3010 824 3057 fit:
863 3015 920 3075 τῷ
943 3009 980 3056 δ’
1001 3008 1053 3056 ἔνῖ
1076 3006 1191 3070 θυμω
1216 3013 1323 3056 Θῆκε
1358 3010 1469 3064 μένος
1503 3026 1573 3052 και
1620 3002 1791 3067 Selectos.
1859 3006 1969 3060 Hoc
2009 3010 2135 3061 idem

490 3083 671 3132 faciunt
692 3083 920 3133 interdum
943 3084 1013 3132 dii
1035 3082 1175 3130 tacite
1194 3095 1239 3128 et
1262 3081 1459 3135 occulte,
1485 3092 1536 3127 ut
1558 3079 1701 3127 Pallas
1724 3078 1989 3132 Menelaum
2004 3087 2135 3139 novis

494 3157 668 3206 viribus
690 3170 862 3206 recreat
879 3159 1015 3206 Iliad.
1040 3179 1081 3221 ς,
1100 3159 1209 3221 569

563 3231 986 3297 Qandoquidem'
972 3250 1022 3280 m
1043 3231 1140 3297 ipso
1161 3228 1349 3277 disceffu
1369 3225 1525 3275 divina
1552 3226 1719 3292 speeies
1738 3226 1948 3281 humanae
1978 3230 2138 3282 forma

497 3303 724 3364 succedit,
747 3319 1160 3357 commemorantur
1193 3319 1372 3368 quoque
1392 3302 1491 3359 illa,
1511 3318 1611 3366 quae
1629 3302 1680 3350 in
1699 3301 1845 3366 specie
1864 3304 2024 3354 divina
2043 3324 2138 3359 me-

500 3381 741 3431 mutabilia
764 3384 898 3432 sunt:
933 3381 1106 3431 summa
1147 3379 1240 3427 oris
1283 3377 1579 3443 pulchritudo
1613 3389 1691 3426 aut
1725 3379 1942 3441 majestas,
1976 3397 2139 3447 corpus

497 3456 702 3509 humano
734 3459 879 3522 majus
900 3467 947 3506 et
965 3455 1212 3522 augustiuS,
1233 3469 1337 3501 cum
1359 3446 1702 3518 pulchritudine
1723 3451 1896 3501 candor
1915 3457 2138 3520 corporis,

501 3545 648 3579 comae
665 3530 902 3593 promiffae,
936 3532 1088 3596 quales
1117 3530 1378 3594 perpetuam
1410 3525 1602 3575 deorum
1617 3527 1854 3591 juventam
1878 3528 2065 3587 decent,
2085 3542 2139 3583 ut

505 3596 556 3653 ιιι
574 3602 758 3661 Cerere,
781 3603 959 3669 Hymn.
982 3621 1026 3655 v.
1051 3619 1161 3670 277.
1188 3603 1236 3662 8,
1249 3611 1294 3651 et
1310 3599 1361 3648 in
1381 3600 1484 3649 loco
1504 3595 1653 3651 nostro
1671 3598 1883 3669 Virgilii.

2000 3677 2143 3745 Qud
