2294 4030
489 317 613 394 25‘4
946 281 1690 372 EXCURSUSI

487 482 569 521 tur·
597 487 675 536 ap.
703 469 881 535 Scalig.
904 469 965 518 de
1001 469 1203 524 Emend.
1227 469 1405 534 Temp.
1426 468 1509 518 lib.
1532 469 1601 526 V,
1628 486 1680 534 p.
1718 470 1809 534 378
1835 468 1912 518 ed.
1931 469 2127 518 Genera
2167 493 2169 495 ·

497 548 620 613 1629
642 565 658 604 ;
690 563 799 595 nam
821 545 872 594 in
893 543 1006 594 edit.
1024 562 1099 609 pr.
1129 549 1250 610 1598
1273 543 1479 595 nondum
1502 544 1750 611 reperitur)
1773 555 1822 592 et
1847 544 1896 592 T
1898 553 2047 593 zetz'ae
2066 541 2130 592 ad

490 625 737 688 Lycophr.
760 640 808 670 v.
834 638 929 687 344
953 621 1167 670 laudatus
1187 639 1199 670 ε
1223 622 1314 680 Νὺξ
1335 624 1407 680 μὲν
1427 624 1487 671 ἔην
1506 622 1856 684 [asoa-mnam&
1878 620 1915 667 δ’
1931 624 2129 669 ἐπέτελλε

491 701 655 755 σελήνη,
687 698 768 764 qui
804 709 852 746 et
885 698 935 746 in
961 699 1159 746 Tzetzae
1180 696 1480 760 Μεθομηςικοῖς
1498 697 1718 761 repetitus
1742 698 1804 744 est
1829 696 1955 760 apud
1990 694 2130 743 Doda

491 775 614 823 well.
643 773 704 822 de
728 772 889 838 Cyclis
914 789 964 837 p.
991 776 1102 836 803.
1137 772 1199 820 cf.
1228 773 1346 820 Exc.
1371 773 1500 821 VIII
1533 771 1594 821 ad
1631 774 1746 822 AEn.
1767 771 1838 826 II,
1874 788 1989 836 250.
2055 770 2133 818 Ex

488 847 694 897 Ἀπόπλε
716 847 920 896 carmine
942 857 1057 910 puto
1078 847 1164 894 effe
1194 845 1408 894 undecim
1429 846 1533 895 illos
1557 846 1709 895 versus
1747 846 1806 894 de
1844 845 1993 894 AEnea
2021 860 2133 894 cum

491 923 828 972 'Andromache
852 921 1047 970 abdufto
1083 937 1111 968 a
1132 922 1446 985 Neoptolemo
1479 938 1556 986 ap.
1581 922 1757 971 Tzetz.
1783 921 1856 969 -ad
1887 919 2133 984 Lycophr.

489 1000 646 1064 1263.
679 999 744 1047 cf.
783 997 923 1047 eund.
958 996 1016 1044 ad
1046 1011 1187 1059 1232,
1215 996 1293 1044 ubi
1329 996 1531 1053 additur,
1565 997 1797 1060 cumpost
1831 994 2134 1060 Neoptolemi

489 1076 621 1138 ,apud
647 1074 858 1139 Delphos
883 1071 1055 1121 caedem
1079 1070 1324 1118 liberatum
1345 1071 1489 1119 fuiffe.
1556 1072 1634 1119 De
1657 1071 1824 1120 Sinone
1841 1070 1926 1119 inf.
1951 1068 2134 1117 dicetur

494 1150 613 1198 Exc.
639 1149 739 1202 .1V‚
757 1147 814 1196 de
837 1146 1045 1195 Coroebo
1066 1161 1093 1192 a
1122 1143 1298 1192 Lesche
1322 1144 1491 1193 tradita
1528 1147 1647 1194 Exc.
1674 1146 1717 1193 X
1739 1143 2135 1194 memorabuntur.

497 1222 754 1273 Palladium
787 1221 910 1269 furto
943 1219 1189 1269 Diomedis
1225 1231 1271 1267 et
1304 1220 1471 1284 Ulyssis
1513 1221 1715 1270 ablatum
1749 1221 1876 1269 idem
1907 1217 2133 1282 exposue-

495 1312 591 1353 rat,
620 1311 673 1346 ut
715 1314 774 1345 ex
817 1298 1023 1360 Hesych.
1080 1295 1130 1343 in
1168 1295 1400 1352 Διομήδειος
1441 1299 1602 1356 ἀνάγκη
1640 1298 1846 1345 constat:
1899 1293 2136 1359 quomodo

494 1386 651 1422 autem
673 1372 732 1419 ab
759 1387 816 1419 eo
846 1387 917 1418 res
941 1380 1127 1417 narrata
1149 1368 1306 1423 fuerit,
1339 1369 1539 1434 intelligi
1570 1371 1694 1419 forte
1730 1370 1903 1436 poterit
1937 1385 1995 1417 ex
2031 1369 2137 1418 Ze-

495 1448 605 1496 nob.
628 1446 722 1501 III,
750 1451 775 1494 8
799 1464 813 1502 ;
850 1447 912 1493 est
944 1445 1068 1492 enim
1097 1443 1232 1505 hujus
1271 1445 1474 1493 narratio
1507 1446 1841 1509 fimpliciffima.
1909 1446 2064 1493 Voces
2085 1454 2136 1491 et

491 1524 627 1583 ῥήσεις
674 1520 776 1567 aliae
831 1519 1058 1567 nonnullae
1100 1517 1250 1565 videri
1300 1519 1479 1582 poffunt
1517 1520 1641 1584 apud
1700 1520 1884 1568 Barnes.
1933 1519 2135 1567 Homer.

495 1597 591 1643 To.
623 1595 672 1641 ΙΙ
701 1595 737 1642 F
745 1610 894 1658 ragin.
921 1608 966 1657 p.
998 1597 1102 1640 108.
1172 1593 1278 1656 Jam
1302 1594 1399 1656 post
1421 1593 1501 1641 ista
1533 1594 1702 1659 scripta
1740 1594 1787 1643 in
1821 1610 1981 1643 manus
2003 1593 2138 1643 venit

495 1672 812 1734 fragmentum
851 1666 1022 1722 Procli,
1057 1667 1217 1731 quod’
1221 1679 1281 1714 Ιλ
1286 1667 1379 1714 σίδας
1406 1675 1560 1730 μικςᾶς
1598 1668 1633 1715 δ’
1672 1674 1851 1732 Λέσχεω
1883 1663 2149 1733 3τ8αῐῐιεῐι·’

495 1758 596 1803 tum
625 1742 856 1790 servavit:
893 1759 950 1789 ex
977 1742 1071 1789 hox
1109 1740 1403 1805 intelligitur,
1437 1745 1625 1804 poetam
1659 1745 1871 1792 exorsum
1902 1746 1987 1791 effe
2024 1759 2137 1790 nar-

495 1804 723 1865 rationem
780 1805 950 1862 statim
969 1814 1027 1862 ab
1079 1832 1311 1863 armorum
1349 1815 1547 1878 judicio,
1602 1830 1651 1866 et
1697 1818 1956 1889 produxisse
1994 1818 2138 1882 usque
2198 1835 2204 1839 ·
2272 1820 2294 1872 ,¹

495 1892 556 1940 ad
593 1908 761 1955 equum
783 1891 832 1937 in
873 1891 1032 1938 urbem
1072 1902 1310 1952 receptum
1347 1903 1394 1939 et
1427 1891 1742 1954 Trojanorum
1779 1911 1839 1942 ex
1872 1894 2138 1943 commess‘a-

497 1968 625 2016 tione
661 1966 882 2014 somnum.
950 1964 1151 2013 Habitus
1191 1979 1237 2013 et
1276 1966 1409 2028 hujus
1454 1984 1607 2030 parvae
1647 1970 1806 2018 Iliadis
1836 1972 1992 2018 aufitor
2024 1968 2135 2017 olim

496 2058 526 2088 a
561 2042 790 2090 nonnullis
835 2042 1086 2095 Homerus,
1121 2054 1170 2090 ut
1224 2059 1284 2090 ex
1328 2045 1509 2091 auftore
1559 2044 1619 2092 de
1663 2046 1760 2094 vita
1803 2045 2022 2100 Homeri,
2056 2043 2138 2109 qui

497 2118 643 2181 vulgo
668 2116 933 2166 Herodotus
976 2117 1140 2172 fertur,
1172 2130 1321 2182 patet,
1353 2135 1398 2166 c.
1442 2118 1518 2174 16,
1557 2119 1636 2167 ubi
1671 2134 1717 2169 et
1744 2121 1883 2186 primi
1913 2121 2006 2170 duo
2027 2138 2138 2169 ver-

495 2191 567 2240 sus
605 2205 872 2240 occurrunt.
959 2194 1198 2255 Διατςίβων
1237 2192 1276 2240 δὲ
1311 2192 1433 2255 παραὶ
1482 2198 1540 2256 τῷ
1585 2195 1779 2260 Θεςοςίδῃ
1815 2200 1924 2243 ποιεῖ’
1968 2194 2136 2242 Ἰλιάδα

498 2268 570 2316 τὴν
610 2267 780 2314 ἐλάσσω
822 2266 909 2328 (ita
955 2266 1032 2314 hic
1076 2267 1352 2330 appellatur,
1386 2283 1470 2315 nec
1518 2267 1768 2317 audiendus
1815 2269 2004 2318 Salmas.
2042 2271 2136 2318 Po-

496 2340 597 2402 lyh·
628 2357 677 2403 P·
707 2343 799 2404 598
824 2340 909 2403 sq„
943 2340 1023 2404 qui
1055 2341 1235 2405 Cypria
1271 2341 1479 2390 carmina
1501 2354 1549 2390 et
1584 2343 1748 2390 Ἰλιάδα
1789 2347 1959 2392 ἐλάττω
1994 2362 2136 2394 unum
2191 2398 2194 2401 Δ
2270 2343 2294 2377 ὁ,

496 2415 584 2462 ess'e
623 2415 748 2462 nullo
782 2428 1058 2479 argumento
1107 2417 1391 2479 contendit),
1423 2418 1468 2467 ἧς
1511 2420 1535 2468 ἦ
1569 2421 1718 2482 &gx-15:
1744 2421 1867 2467 Ἴλιον
1903 2420 2024 2468 ἀείδω
2063 2418 2139 2467 καὶ

497 2489 726 2551 Δαξδανιήν
772 2490 963 2545 ἐύπωλον,
1006 2492 1086 2538 τΗς
1143 2496 1234 2556 πέςι
1295 2494 1437 2540 πολλοὶ
1487 2492 1623 2541 πάθον
1679 2495 1838 2542 Δαναοὶ
1891 2494 2137 2558 θεξάποντες

488 2567 659 2628 Ἄρηος.
746 2563 1003 2620 Fabricius,
1038 2564 1116 2630 qui
1161 2567 1194 2613 1.
1236 2566 1269 2614 1.
1303 2567 1392 2614 hoc
1430 2566 1555 2616 idem
1595 2569 1798 2633 repetiit,
1832 2581 1988 2618 tamen
2027 2586 2141 2618 mox·

497 2640 679 2689 initium
701 2640 927 2704 poematis
952 2641 1147 2688 Leschei
1181 2654 1354 2698 narrat,
1389 2643 1513 2707 quod
1556 2644 1782 2693 Horatius
1826 2645 2139 2710 perstrinxerit

498 2734 547 2763 v.
582 2715 670 2779 136
695 2716 925 2764 Fortunam
959 2717 1132 2764 Priami
1164 2717 1342 2765 cantabo
1374 2732 1416 2765 et
1454 2718 1588 2767 nobile
1622 2719 1788 2776 bellum,
1824 2722 1982 2769 Ἀείσω
1999 2723 2137 2784 Hemi-

498 2814 591 2850 μοιο
636 2791 772 2852 τύχην
804 2793 978 2848 πόλεμόν
1022 2813 1068 2838 τε
1112 2796 1291 2841 natandi.
1403 2793 1495 2841 Sed
1533 2794 1573 2842 is
1617 2795 1771 2844 versus
1827 2813 1856 2844 a
1916 2796 2137 2846 Salfflafio

500 2865 721 2914 confifius
762 2876 809 2911 et
855 2880 940 2926 pro
968 2881 1125 2929 parvae
1165 2867 1324 2916 Iliadis
1359 2866 1572 2918 Lescheae
1609 2870 1763 2935 primo
1803 2870 1933 2919 versu
1970 2871 2135 2919 vendi-

498 2952 571 2987 tus
596 2939 657 2986 est
692 2939 724 2985 l.
760 2954 803 2986 c.
840 2955 891 3002 p.
916 2939 1005 2987 601
1037 2941 1102 2995 A,
1135 2940 1309 2991 scilicet
1337 2942 1376 2990 is
1401 2942 1597 2993 Iliadem
1621 2948 1789 2993 ἐλάσσω
1811 2945 2040 2994 diversam
2074 2945 2135 2994 ab

496 3013 646 3061 Iliade
668 3029 833 3077 parva,
868 3027 915 3061 et
954 3016 1150 3063 eandem
1191 3033 1299 3064 cum
1334 3018 1525 3082 Cypriis
1562 3020 1857 3070 carminibus,
1882 3022 1967 3069 effe
2004 3022 2136 3069 vole-
2190 3008 2191 3017 ἵ

497 3088 596 3139 bat.
674 3087 784 3135 Sine
824 3089 1020 3138 auCtoris
1062 3090 1247 3139 nomine
1293 3109 1396 3141 eam
1439 3094 1628 3143 laudant
1660 3096 1880 3145 Clemens
1911 3096 2053 3146 Alex.
2085 3106 2136 3146 et

497 3162 1064 3227 Vet.Schol.Eu1ipidis
1097 3181 1173 3228 ap.
1200 3166 1387 3215 Fabric.
1413 3169 1467 3216 B.
1494 3170 1585 3217 Gr.
1611 3171 1677 3218 T.
1701 3171 1746 3226 1,
1780 3189 1828 3236 p.
1870 3187 1983 3237 279.
2019 3175 2136 3227 280,

497 3251 545 3285 et
570 3235 762 3284 Pausan.
803 3237 882 3285 III
918 3251 1040 3286 extr.
1073 3251 1119 3286 et
1144 3241 1206 3295 X,
1243 3241 1323 3289 26.
1391 3243 1460 3290 At
1495 3245 1784 3294 communior
1817 3244 2039 3294 sententia
2074 3245 2154 3294 adv

494 3307 706 3360 Leschen
731 3327 834 3359 eam
873 3313 1049 3360 retulit.
1085 3313 1179 3361 vid.
1213 3316 1249 3362 F
1254 3315 1394 3364 abne
1425 3316 1540 3365 ibid.
1573 3334 1685 3383 pag.
1726 3323 1835 3375 180,
1869 3310 1951 3367 etfi
1972 3319 2137 3383 Ryck.

497 3404 548 3453 p.
574 3405 690 3452 444,
726 3388 804 3451 qui
831 3406 877 3453 p.
909 3379 1006 3453 446
1045 3402 1210 3439 contra
1251 3408 1355 3440 eam
1393 3392 1667 3443 sententiam
1701 3395 1922 3461 disputat,
1955 3395 2032 3444 sed
2050 3411 2134 3445 cu·
2170 3419 2173 3422 ·

496 3462 606 3530 pide
641 3463 793 3538 magis
831 3481 970 3528 quam
995 3465 1208 3531 graviter
1245 3482 1301 3515 ac
1340 3483 1467 3518 vere.
1534 3468 1706 3532 Lesthes
1731 3471 1802 3521 hic
1820 3476 1873 3535 s
1919 3465 2139 3533 Lescheus,

1917 3549 2167 3609 Λέσχεως,
