2372 4030
412 312 548 423 DE
593 310 908 380 CARM.
961 305 1242 381 EPICO
1286 312 1654 389 ⁴VIRGIL.
1732 342 1875 391 xrx

207 490 491 568 sexceni,
537 505 610 558 et·
647 489 990 582 magnifici
1044 493 1413 561 animorum
1455 496 1694 578 sensuS,
1741 503 1878 568 vir-

232 624 338 675 tus
366 606 535 674 ultra
562 605 904 696 vulgarem
953 608 1360 675 mortalitatis
1421 611 1772 680 modulum
1811 630 1878 682 et

233 725 490 789 morem
569 718 862 786 animosa
944 735 1008 785 et
1061 719 1272 797 fortis,
1348 727 1547 790 nullis
1605 726 1877 794 adversis

232 833 482 902 cafibus
545 849 612 900 et
670 834 1118 926 periculorum
1183 838 1524 904 terroribus
1602 839 1882 908 infracta

233 970 447 1026 menS,
482 946 650 1015 salus
713 946 962 1014 civium
1019 962 1081 1012 et
1133 947 1396 1038 imperii
1452 950 1743 1040 majestas
1776 954 1880 1018 vel

230 1078 416 1155 parta
433 1064 538 1130 vel
553 1061 798 1130 servata
813 1084 885 1127 ac
900 1057 1180 1137 defensa,
1201 1060 1344 1128 haec
1362 1063 1589 1129 eadem
1609 1066 1719 1130 illa
1737 1064 1880 1130 sunt

233 1179 477 1273 quibus
523 1179 828 1248 maxime
859 1175 1212 1246 hominum
1260 1179 1500 1246 animis
1534 1179 1879 1246 admiratio

116 1339 122 1344 -
230 1295 416 1386 injici
465 1293 696 1386 potest,
749 1315 902 1385 quae
947 1291 1106 1359 adeo
1170 1294 1479 1384 inprimis
1527 1296 1712 1385 epico
1743 1314 1883 1360 car-

229 1412 400 1478 mini
423 1411 729 1478 idoneam
773 1412 1114 1477 materiam
1161 1408 1596 1500 suppeditant.
1696 1411 1884 1475 Con-

118 1619 120 1622 ι
221 1529 457 1619 juncta
479 1528 704 1619 itaque
728 1550 883 1594 cum
934 1526 1164 1593 eadem
1198 1526 1307 1591 illa
1338 1524 1763 1591 admiratione
1793 1525 1883 1591 est

228 1642 523 1709 utilitatis
544 1643 730 1720 ratio,
766 1640 846 1707 de
874 1666 1009 1733 qua
1032 1664 1162 1706 non
1205 1640 1428 1704 minus
1493 1640 1698 1704 multa
1730 1638 1877 1704 sunt

231 1754 575 1846 disputata,
604 1770 922 1845 quatenus
948 1753 1165 1845 po‘e'tae
1193 1754 1378 1843 epico
1414 1751 1738 1841 proposita
1759 1750 1884 1817 effe

231 1869 483 1938 debeat.
579 1871 816 1937 Narret
838 1871 949 1935 ille
973 1891 1236 1958 magna,
1280 1865 1571 1957 grandia,
1604 1865 1877 1955 praecla-

229 2005 300 2049 ra
317 2014 339 2060 ς
371 1983 614 2049 utilitas
672 1979 1102 2072 proficiscitur
1155 1997 1241 2045 ex
1300 1978 1428 2043 hoc
1476 1977 1641 2067 ips0‚
1703 1976 1882 2066 quod

232 2081 508 2166 magnos
571 2074 787 2142 sensus
842 2091 905 2140 et
980 2072 1278 2150 affed'OES,
1350 2094 1671 2160 magnum
1735 2070 1890 2134 ani-r

232 2190 330 2256 mi
391 2190 610 2267 robur,
672 2187 860 2256 facitis
921 2185 1212 2276 mitisque
1276 2180 1645 2274 expressum
1697 2179 1880 2246 vide-

233 2327 408 2372 mus..

321 2535 412 2603 ΙΙ.
463 2531 844 2604 Admiratiov
873 2532 1121 2621 itaque,
1188 2525 1433 2593 necesse
1464 2549 1598 2591 non
1642 2521 1756 2598 est,
1810 2537 1881 2588 ut

229 2674 267 2716 a
313 2671 531 2717 rerum
584 2663 649 2712 et
703 2662 952 2720 naturae
1004 2642 1338 2709 miraculis
1387 2655 1640 2730 petatur
1660 2669 1681 2713 ,-
1743 2635 1875 2712 sed,

230 2763 412 2854 quod
438 2762 626 2828 facile
648 2758 1099 2854 unusquisque
1127 2757 1460 2845 intelligit,
1486 2751 1881 2819 admiratione

228 2881 485 2952 animos
519 2877 765 2945 nostros
797 2874 1093 2942 afficiunt
1147 2872 1421 2937 omnino
1472 2893 1568 2934 res
1597 2892 1636 2933 a
1664 2887 1880 2952 magna

229 2994 425 3061 animi
446 2994 690 3060 virtute
718 2987 1031 3085 prosp&ae
1055 3017 1074 3062 ς
1107 3008 1244 3049 non
1280 2981 1575 3073 quidem,
1618 2977 1879 3069 qualem

228 3126 552 3202 praecepta
580 3102 1014 3199 philosophiae
1050 3096 1535 3167 informaverint
1562 3125 1583 3169 ;
1616 3091 1722 3158 sed
1742 3090 1881 3157 vim

198 3222 512 3308 „dicimus
559 3220 765 3286 animi
795 3215 1118 3306 insignem
1145 3214 1213 3277 in
1246 3203 1684 3297 excogitandis
1718 3225 1882 3268 con-

230 3335 412 3414 filiis,
440 3334 547 3402 vel
577 3334 646 3400 in
676 3334 755 3400 iis
789 3328 1222 3422 exsequendis
1248 3320 1682 3415 prudentiam,
1718 3336 1877 3380 con-

173 3495 198 3515 ¹-
231 3450 556 3527 stantiam,
607 3447 945 3515 audaciam
971 3476 992 3524 ς
1041 3439 1288 3517 etiamsi
1334 3436 1445 3522 illa
1497 3458 1534 3500 a
1563 3430 1785 3522 gloriae
1817 3440 1880 3490 et

229 3634 240 3642 ,
326 3565 538 3658 ToM.
579 3583 671 3630 11.
1040 3557 1084 3626 b
1568 3570 1573 3574 ·
1671 3537 1881 3613 laudis
