2294 4030
423 726 425 728 Ι
499 665 746 729 prodeunt,
777 664 828 712 in
858 680 951 728 quo
969 663 1228 729 Hyginum
1241 662 1380 712 habet
1399 663 1772 716 consentientem.
1822 665 2153 716 -Immoramur

493 363 614 433 294
928 293 1725 412 ''EXCURSUSV

499 517 601 575 nis,
623 533 730 566 cum
764 516 1071 582 Lycophrone
1093 516 1126 565 1.
1159 532 1207 564 c.
1249 514 1329 579 (ad
1350 526 1486 580 quem
1506 515 1670 565 loc-r.
1690 516 1897 581 δῶσι),
1928 527 2030 584 quae
2047 517 2154 568 duae

498 590 603 642 sunt
635 590 795 638 insulae
816 591 948 654 juxta
980 589 1238 639 Tenedum.
1306 588 1448 654 Apud
1481 588 1742 654 Virgilium
1762 591 1821 662 ab
1841 591 1938 658 ipsa
1958 593 2152 642 Tenedo

501 742 575 788 his
608 757 689 807 per
723 742 768 790 se
804 740 982 789 levibus
1014 756 1088 797 eo,
1123 740 1249 804 quod
1284 739 1440 788 velex
1477 739 1548 787 his
1569 739 1863 807 intelligitur,
1895 741 2019 791 varie
2034 741 2152 790 olim

501 818 621 867 hanc
654 818 857 867 fabulam
890 835 918 866 a
953 816 1159 882 pluribus
1189 815 1340 880 poetis
1370 799 1501 865 suiffe
1535 818 1781 868 trastatam.
1849 820 1940 877 Sed
1959 817 2156 869 liberior

503 893 641 943 nobis
662 893 987 959 progrediendi
1008 893 1136 940 locus
1157 891 1311 948 datur,
1327 902 1374 939 et
1392 891 1621 954 possumus
1640 891 1781 940 etiam
1799 891 2037 959 scriptores
2057 893 2156 940 lau-

504 967 615 1016 dare
645 967 852 1032 Virgilio
873 965 1174 1029 antiquioreS,
1207 965 1364 1030 quide
1387 965 1658 1014 Laocoonte
1681 966 1874 1032 egerint.
1941 966 2158 1015 Nonnul-

503 1042 652 1090 lorum
685 1042 872 1107 quidem
898 1041 1083 1090 nomina
1100 1043 1197 1103 jam
1218 1051 1321 1088 ante
1351 1040 1683 1106 adscripsimus.
1747 1041 1843 1091 Etfi
1875 1040 2160 1108 Theffhndrus

504 1117 714 1183 quidem,
748 1117 887 1165 modo
902 1133 927 1164 e
950 1115 1108 1165 Servio
1128 1125 1421 1170 memoratus,
1454 1115 1649 1164 excitari
1671 1132 1700 1164 a
1721 1117 1856 1166 nobis
1876 1134 1969 1166 non
1990 1115 2130 1182 potest
2140 1134 2159 1173 3

505 1209 613 1241 nam
651 1193 692 1260 is
724 1197 962 1258 Ptjsandrus
996 1192 1079 1240 ess'e
1109 1191 1311 1248 videtur,
1344 1208 1480 1256 quern
1517 1191 1648 1257 supra
1682 1194 1741 1240 ad
1762 1193 1928 1243 horum
1951 1191 2162 1247 Excurfl'.

506 1269 740 1333 principp.
775 1269 832 1315 ad
860 1267 1043 1315 seriores
1081 1267 1283 1313 austores
1310 1264 1628 1331 relegavimus,
1661 1279 1871 1332 corrupte
1889 1268 2033 1316 illeret
2049 1265 2164 1314 aliae

508 1344 744 1408 Tisandrus
780 1355 983 1391 vocatus,
1053 1342 1188 1389 Alter
1221 1351 1372 1388 autem
1411 1339 1623 1404 scriptor,
1674 1357 1702 1388 a
1737 1341 1895 1390 Servio
1933 1341 2162 1396 laudat-us,

508 1420 777 1484 Lysimachus
799 1416 1137 1466 Alexandrinus
1158 1415 1248 1463 fine
1268 1415 1413 1464 dubio
1425 1415 1545 1470 suit,
1566 1432 1658 1464 non
1677 1416 1896 1481 ignobilis
1913 1417 2029 1465 olim
2049 1433 2162 1465 auc-

509 1505 584 1541 tor
600 1494 694 1556 πεςῖ
715 1495 871 1547 Νόςων,
887 1507 1022 1555 quem
1047 1507 1153 1537 cum
1173 1489 1275 1539 aliis
1297 1488 1447 1538 similis
1469 1490 1729 1554 argumenti
1758 1490 2052 1555 scriptoribus
2067 1491 2164 1538 lau·

509 1568 670 1615 datum
703 1568 828 1615 vides
862 1566 910 1613 in
948 1563 1103 1611 Schol.
1141 1563 1362 1628 Apollon.
1384 1562 1428 1620 I,
1462 1569 1554 1629 558
1575 1574 1623 1611 et
1643 1563 1916 1627 particulam
1935 1581 1993 1613 ex
2014 1565 2168 1631 primo

510 1645 608 1706 ejus
638 1643 759 1690 libro
781 1643 831 1690 in
854 1639 902 1687 T
904 1652 1033 1687 zetza
1053 1639 1112 1686 ad
1143 1638 1376 1702 Lycophr.
1418 1643 1530 1704 824.
1559 1637 1622 1693 cf.
1657 1636 1783 1687 Voff.
1824 1639 1883 1687 de
1906 1641 2028 1693 Hist.
2070 1635 2163 1687 Gr.

508 1718 592 1765 lib.
618 1717 711 1774 111,
745 1735 793 1781 p.
830 1718 921 1763 180
943 1731 985 1762 a.
1054 1712 1234 1777 Attigit
1256 1714 1393 1761 etiam
1415 1713 1619 1762 fabulam
1643 1713 1875 1778 Lycop‘hmn
1894 1717 2048 1780 poe'ta,
2083 1713 2167 1781 qui

509 1806 555 1840 et
575 1792 668 1857 ipse
691 1790 981 1839 Alexandriae
1005 1788 1142 1844 vixit,
1180 1788 1410 1836 Ptolemaei
1436 1788 1722 1853 Philadelphi
1742 1800 1892 1847 aetate,
1911 1790 1963 1838 in
1983 1791 2169 1838 Cassan·

510 1869 596 1914 dra
628 1885 677 1916 νς
718 1885 828 1933 347.
895 1864 1028 1911 Alius
1050 1863 1141 1910 fuit
1161 1879 1217 1911 ex
1234 1863 1391 1911 schola
1413 1863 1746 1919 Alexandrina,
1780 1864 1863 1929 qui
1882 1865 2082 1914 fabulam
2104 1867 2167 1916 de
2272 1923 2273 1926 Ἴ

510 1941 780 1990 Laocoonte
799 1957 892 1988 non
926 1937 1081 2003 attigit
1110 1949 1307 1995 tantum,
1340 1937 1419 1985 sed
1457 1938 1770 2003 pertraftavit,
1803 1951 1849 1987 et
1878 1939 1958 1987 ille
1979 1940 2169 2005 quidem

510 2023 652 2081 poc'ta
682 2017 798 2064 olim
835 2013 1116 2068 clariffimUS‚
1171 2014 1422 2076 Euphor-ivn.
1492 2012 1565 2060 Ex
1604 2026 1660 2058 eo
1698 2011 1862 2060 fabulae
1898 2026 2166 2064 ornamenta

512 2090 730 2138 nonnulla
749 2089 852 2137 satis
876 2087 1111 2135 recondita
1133 2097 1287 2133 narrat
1310 2086 1366 2132 ad
1391 2085 1439 2134 h.
1462 2085 1495 2135 l.
1520 2103 1562 2134 v,
1601 2102 1689 2136 201
1725 2086 1925 2144 Servius,
1946 2099 1993 2135 et
2013 2104 2071 2135 ex
2092 2103 2172 2144 eo,

513 2178 648 2229 puto,
681 2175 892 2229 corrupte
910 2175 1082 2217 tamen,
1108 2160 1328 2226 Pompon.
1363 2160 1471 2209 Sab.
1539 2160 1747 2208 Omnino
1769 2161 1958 2225 quidem
1986 2161 2173 2228 Eupho·
2257 2199 2259 2201 -

512 2239 693 2287 tionem
714 2238 891 2285 fabulas
913 2235 1026 2298 Troj
1037 2250 1141 2281 anas
1162 2234 1243 2281 suo
1267 2250 1391 2281 more
1410 2235 1605 2298 tradiass'e
1625 2247 1671 2282 et
1693 2236 1905 2290 narraffe,
1936 2252 1994 2283 ex
2015 2236 2072 2285 iis
2089 2253 2170 2302 pa·
2259 2260 2262 2262 ’

513 2323 599 2367 tet,
629 2329 730 2376 quae
766 2328 871 2358 eum
909 2311 967 2357 de
1005 2307 1228 2363 Laodice,
1265 2307 1436 2355 Priami
1472 2308 1584 2365 filia,
1617 2308 1792 2356 diverse
1814 2309 1871 2357 ab
1899 2309 2177 2362 Homeroet
2260 2305 2266 2343 Ῑ

513 2387 718 2435 Lescheo
737 2387 807 2434 σὺν
836 2385 940 2432 ἐδενῖ
974 2383 1333 2437 sin6r1‚.narraffe
1354 2382 1592 2430 Pausanias
1611 2383 1767 2448 prodit
1785 2384 1870 2433 lib.
1918 2384 1991 2443 X,
2027 2387 2091 2436 26
2122 2405 2192 2453 p,·

516 2463 629 2524 864.
666 2460 825 2508 Potuit
858 2471 1009 2516 autem
1045 2457 1103 2504 de
1139 2457 1403 2504 Laocoonte
1438 2473 1569 2521 agere
1601 2456 1889 2521 Euphorion,
1935 2458 1995 2507 in<
2019 2476 2183 2525 opere,
2259 2516 2264 2524 ¹

518 2537 756 2598 (Μοψοπιά
779 2536 851 2582 vel
864 2536 1075 2581 ’Ἄτακτα
1100 2532 1375 2596 inscriptum
1394 2534 1507 2591 erat)
1531 2547 1621 2594 quo
1645 2532 1891 2581 reconditae
1909 2545 1957 2581 et
1975 2533 2188 2584 obscura-r
2258 2526 2266 2582 ’ζ

517 2628 579 2659 ex·
612 2625 709 2659 tota
741 2609 940 2657 fabulari
959 2607 1142 2655 historia
1169 2606 1331 2654 fabulae
1352 2623 1443 2654 non
1467 2605 1589 2652 secus
1613 2617 1747 2670 atque
1765 2623 1792 2654 a
1813 2607 2106 2659 Callimacho
2122 2611 2178 2660 in-
2251 2639 2257 2650 ·-

518 2690 678 2736 Αἱτὼις
699 2700 744 2734 et
775 2702 802 2733 a
836 2685 1139 2748 Lycophrone
1161 2682 1210 2729 in
1241 2682 1487 2729 Caffandra
1507 2692 1635 2728 erant
1655 2682 1882 2746 expofitae.
1905 2701 1950 2733 v.
1985 2684 2082 2751 sup.
2117 2686 2178 2735 ad
2262 2694 2265 2715 ⁷

516 2762 623 2811 Ecl.
648 2761 741 2817 VI,
765 2777 844 2825 72.
908 2758 966 2805 In
987 2758 1149 2822 quinto
1171 2757 1312 2814 libro,
1336 2757 1416 2821 qui
1439 2755 1618 2804 Chilias
1639 2756 1882 2822 inscriptus
1896 2771 2010 2816 erat,
2031 2761 2179 2827 prisca

518 2836 723 2890 oracula,
753 2848 1000 2896 eorumque
1020 2842 1223 2888 eventus,
1246 2832 1511 2895 collegerat,
1543 2831 1749 2894 adeoque
1764 2843 1811 2880 et
1831 2848 1906 2889 ea,
1931 2850 2033 2898 quae
2050 2837 2180 2886 cxci·
2255 2831 2259 2873 ·]

517 2912 651 2959 dium
685 2910 734 2958 T
734 2909 843 2973 rojae
868 2907 1201 2963 antecesserant,
1235 2922 1481 2956 memorare
1518 2905 1680 2956 debuit
1694 2923 1716 2954 z·
1745 2920 1796 2957 ut
1816 2909 1914 2974 jam
1936 2909 2041 2976 sup.
2058 2911 2182 2965 Exe.
2247 2939 2249 2941 ·

519 2986 545 3034 Ι
567 2986 795 3036 monitum
817 2984 896 3032 est.
1252 2973 1261 2982 ⁶
1998 3048 2002 3051 ἱ
2248 3022 2250 3025 ,

587 3061 702 3109 Non
723 3074 840 3109 vana
858 3058 967 3106 hinc
989 3056 1184 3123 suspicio
1205 3057 1322 3106 oriri
1343 3059 1514 3123 potest,
1533 3056 1879 3123 Euphor-innexu
1901 3051 2043 3131 etiarn
2065 3057 2179 3110 Vir:-
2251 3047 2256 3069 ²

517 3137 636 3204 gilio
670 3136 717 3184 in
752 3135 838 3183 hac
872 3133 1027 3181 fabula
1053 3145 1158 3181 ante
1188 3134 1345 3182 oculos
1380 3132 1588 3198 positum⁴>
1616 3131 1763 3181 fuiffe.
1831 3133 1981 3192 Nam,
2035 3151 2181 3199 quam
2246 3175 2248 3178 ,

513 3212 764 3279 magnifice
799 3208 1027 3274 Virgilius
1060 3205 1135 3256 'de'
1161 3224 1217 3256 eo
1253 3214 1395 3273 po'eta
1435 3207 1639 3266 senserit,
1674 3223 1733 3257 ex
1759 3205 1950 3273 ‘Ecloga
1979 3206 2083 3265 VI,
2117 3227 2179 3276 72
2250 3240 2254 3243 v
2292 3248 2293 3252 ,

515 3299 566 3336 et
606 3286 678 3342 X,
718 3302 782 3351 50
803 3283 1104 3348 intelligitur3
1141 3282 1262 3331 unde
1297 3283 1436 3333 etiam
1477 3282 1706 3348 Qinffll.
1736 3281 1810 3340 X,
1846 3299 1894 3340 r,
1929 3283 1995 3349 56
2021 3284 2184 3348 Qid?
2247 3279 2251 3303 ³
2290 3292 2293 3342 :³

517 3361 814 3426 Euphorionem
829 3359 1097 3425 traffbiinus
1112 3362 1141 3407 ?
1162 3377 1278 3425 quem
1293 3360 1374 3423 nfi
1381 3358 1591 3423 probqffl’t
1607 3358 1828 3424 Virgilius,
1844 3360 1953 3407 idem
1969 3360 2185 3426 mqriam
2244 3355 2258 3412 ⁵.
2290 3367 2291 3421 j

514 3450 628 3492 certe
659 3438 902 3492 conditorum
934 3432 1176 3488 Chalcidico
1195 3437 1324 3502 *versu
1356 3441 1588 3486 carminum
1591 3435 1761 3502 fectffit
1779 3438 1826 3486 in
1842 3430 2190 3492 Marenen..
2219 3479 2238 3498 ,μ
