2294 4030
366 290 417 359 {tt
525 286 1060 366 tffiNEIDOS‘,
1119 293 1308 355 LIB.
1367 297 1452 358 11.
1534 311 1537 314 ·
1680 318 1799 382 227

154 457 468 544 Juneturas
496 461 760 522 tabulata
780 461 1022 534 dabant,
1049 462 1443 525 convellimus
1468 466 1603 526 altis
1669 468 1797 545 464

150 576 428 649 Sedibua
456 576 940 658 inpulimusque3
985 577 1077 639 Ea
1104 577 1262 658 lapsa
1295 595 1535 659 repente
1561 582 1795 646 ruinam

157 687 317 757 Cum
346 687 544 748 sonitu
577 688 780 760 trahit,
812 705 871 759 et
900 688 1180 748 Danaum
1209 688 1386 768 super
1414 693 1655 771 agmina
1682 696 1797 756 late

140 798 413 870 ‘Incidit3
457 801 566 861 Ast
589 801 690 860 alii
718 799 1004 861 subeunt:
1049 803 1180 862 Nec
1211 801 1365 876 saxa,
1393 824 1503 864 nec
1534 806 1728 867 ullum

157 908 446 971 Telorum
474 912 696 973 interea
720 915 899 975 ceffat
923 937 1133 996 genus,

154 1024 527 1091 Vestibulum
546 1044 681 1089 ante
692 1029 887 1110 ipsum
904 1035 1221 1112 primoque
1238 1035 1298 1092 in
1319 1034 1529 1094 limine
1541 1034 1796 1114 Pyrrhus

132 1258 148 1262 -
168 1218 178 1225 “
209 1188 304 1260 464.
331 1213 412 1251 imis
431 1212 598 1266 Hagen.
619 1225 694 1267 pro
711 1226 798 1254 var.
820 1214 934 1265 leet„
960 1230 1008 1256 ex
1038 1216 1381 1271 interpretatione.
1435 1220 1483 1259 In
1516 1219 1594 1260 hoc
1621 1229 1663 1260 et
1687 1220 1796 1274 sequ.

155 1276 272 1316 versu
306 1275 604 1316 distinstionem
636 1279 805 1318 mutavi.
863 1281 973 1319 Nam
1001 1280 1199 1321 sententia
1237 1295 1319 1322 non
1354 1283 1577 1324 absolvitur
1616 1284 1689 1324 nisi
1712 1284 1802 1338 post

152 1338 622 1394 ibnpnlimqsque.-—-465.
651 1355 716 1392 que
733 1340 839 1382 abest
859 1343 996 1382 Franc.
1052 1354 1084 1383 et
1101 1361 1143 1384 ea
1158 1345 1333 1386 Dorvill.
1389 1347 1522 1403 Elapsa
1550 1360 1624 1401 pro
1643 1364 1682 1387 ea
1699 1351 1801 1401 lapslx

151 1401 363 1442 Gudianus
379 1414 474 1442 cum
488 1402 692 1443 nonnullis
710 1403 798 1444 aliis
816 1418 878 1459 ap.
901 1406 1042 1446 Heins.
1065 1417 1106 1447 et
1126 1408 1282 1457 Burm.‚
1296 1422 1368 1450 nec
1388 1423 1471 1451 non
1493 1424 1586 1451 cum
1606 1411 1800 1453 Pierianio

147 1465 345 1520 plerisque
364 1475 405 1506 et
423 1464 578 1507 duobus
601 1467 823 1520 Gothanis;
855 1470 954 1513 vitio
973 1480 1121 1514 tamen.
1179 1476 1299 1512 ruinas
1331 1472 1701 1524 Vratiss.-—--465.
1730 1491 1796 1532 ag-

151 1532 240 1570 inine
256 1531 322 1575 ed.
344 1532 456 1571 Dan.
470 1531 608 1574 Heius.

146 1689 427 1760 ,eandemque
454 1697 726 1755 altiffimam,
755 1699 872 1746 hanc
908 1714 935 1746 e
1014 1700 1131 1747 tium
1174 1699 1325 1764 capita
1364 1700 1555 1749 decidit.
1633 1706 1801 1750 rufnam

154 1758 319 1807 vicinis
335 1761 468 1816 locis.
504 1774 555 1810 ut
580 1764 791 1826 equidem
813 1764 940 1813 arbi·
1015 1765 1152 1812 trahit
1197 1764 1458 1827 exquisitius
1500 1781 1635 1828 quam
1661 1771 1800 1829 facit.

151 1833 267 1881 tror,
317 1823 472 1874 terreis
520 1826 648 1874 uncis
704 1839 750 1876 et
792 1828 941 1882 contis
1011 1832 1169 1891 “Ἐλχ’,
1204 1831 1227 1878 ἦ
1256 1829 1294 1874 δ’
1332 1832 1482 1877 ’ἕσπετο
1515 1835 1643 1877 πᾶσι
1660 1830 1798 1877 Iliad.

152 1888 393 1950 quaffatam
419 1903 466 1937 et
499 1890 813 1938 labeFaetatam
835 1906 933 1939 tan-
1016 1918 1072 1953 μ,
1098 1895 1208 1957 398,
1231 1893 1310 1956 qui
1328 1894 1457 1941 locus
1472 1894 1802 1958 comparandus

120 1970 123 1971 ⁷
151 1952 255 1998 dem
304 1953 353 1999 in
406 1954 651 2002 obsidentes
691 1956 932 2018 dejiciunt.
1019 1959 1068 2005 in
1089 1960 1390 2021 τειχομαχίας
1409 1958 1679 2005 narratione.
1714 1958 1798 2005 Su-

151 2020 409 2080 q-uasumma
427 2018 628 2067 tabulata
643 2020 806 2068 dabant
802 2024 936 2085 junc-

57 2099 59 2103 ·
110 2092 114 2094 ·
148 2092 270 2128 taras
299 2080 508 2132 labantes.
575 2082 761 2131 Scilicet
792 2098 935 2132 turres

118 2155 124 2159 ’
150 2143 429 2193 habebantur
447 2157 639 2212 quatuor
659 2159 704 2197 et
735 2149 934 2212 plurium

151 2207 454 2258 tabulatorum
474 2212 675 2275 adeoque
691 2224 734 2259 et
756 2213 934 2278 contig-

153 2273 418 2332 nationum3
452 2292 642 2340 quarum
693 2275 821 2341 tigna
864 2279 934 2325 vel

149 2336 318 2395 trabes,
350 2337 576 2404 capitibus
603 2339 711 2398 suis,
733 2342 935 2390 immiffae

151 2401 234 2450 esse
253 2402 418 2451 debent
434 2404 694 2469 parietibus.
757 2405 861 2469 Jam
884 2408 931 2458 h.

151 2465 185 2513 l.
201 2470 410 2530 stammam
444 2469 700 2525 tabulatum,
724 2486 806 2518 cur
826 2487 931 2544 pro-

151 2529 251 2594 prie
284 2531 460 2580 diflum
493 2534 627 2589 nolis,
659 2535 800 2583 cauffa
830 2535 934 2583 ido-

152 2609 236 2644 nea
277 2612 368 2643 non
408 2598 499 2646 est:
550 2597 638 2645 hoc
675 2598 812 2651 facile
850 2602 934 2647 ad-

132 2657 360 2708 ‘mittebat
412 2677 550 2711 uncos
591 2674 638 2709 et
677 2677 835 2713 contos
883 2664 934 2713 in

138 2725 355 2788 fumun}
389 2724 479 2774 suis
513 2728 579 2784 (h.
617 2741 658 2775 e.
696 2744 785 2791 qua
806 2741 936 2793 parte

152 2786 298 2838 trabes
336 2788 513 2838 insertae
551 2801 598 2839 et
639 2791 769 2843 fultae
807 2805 935 2842 erant

152 2851 363 2917 pariete),
382 2870 485 2917 quae
516 2848 696 2903 faciliui
716 2857 935 2906 cedebant

148 2927 197 2966 et
217 2914 429 2968 infin-tum
448 2934 614 2967 uncum
636 2920 934 2985 recipiebant,

150 2995 288 3092 quam
340 2981 511 3032 solidus
557 2983 703 3048 paries
716 3006 730 3042 ;
779 2986 934 3051 itaque

173 3043 367 3102 abantes,
401 3047 628 3105 cedentes,
649 3049 849 3098 laxantes
871 3051 931 3100 se.

152 3104 334 3157 Servius
367 3108 480 3160 bene
493 3128 508 3161 ε
517 3113 678 3177 faciles
708 3117 773 3162 ad
787 3116 936 3178 resolu-

152 3179 327 3220 tionem:
383 3186 434 3222 ετ
477 3175 647 3242 dabant
688 3183 934 3244 funduras,

150 3237 254 3349 ptius
267 3251 402 3300 quam
415 3238 639 3288 habebant
645 3259 659 3298 ς
677 3242 934 3306 praebeba'nt

111 3328 113 3330 ·
199 3298 327 3349 ilicet
365 3304 737 3367 aggredientibus
773 3309 934 3356 turrim

152 3363 288 3421 fetro.
352 3367 786 3440 Qibueponvulfis
806 3373 934 3438 supe-

149 3442 245 3480 nor
281 3441 417 3481 ωιτη
434 3447 554 3508 'pars
579 3433 638 3482 in«-
666 3438 938 3502 oppugnan-

156 3515 195 3537 .„
240 3527 250 3531 .,

1025 2021 1163 2068 beunt
1195 2035 1342 2069 tamen
1382 2022 1464 2069 alii
1501 2022 1550 2069 in
1586 2021 1799 2070 caesorum

1023 2087 1177 2134 locum
1214 2104 1260 2135 v.
1305 2088 1419 2151 467,
1454 2098 1500 2134 et
1533 2087 1705 2134 interea
1739 2102 1799 2134 ex

1017 2150 1334 2213 posterioribus
1368 2150 1605 2198 ordinibus
1646 2151 1735 2198 tela
1772 2167 1800 2198 e

1017 2215 1268 2279 longinquo
1282 2215 1565 2279 ingeruntur.
1631 2213 1802 2262 Narra·-

1019 2279 1088 2326 tio
1124 2280 1230 2326 inde
1265 2278 1315 2326 in
1357 2280 1452 2326 solo
1492 2279 1798 2341 Neoptolemo

1017 2343 1222 2391 subfistit.
1304 2361 1347 2390 v.
1392 2347 1480 2407 461
1527 2347 1633 2391 unde
1675 2352 1801 2392 omnis

1020 2408 1077 2456 T.
1098 2428 1148 2456 v.
1174 2407 1392 2456 illustrant
1421 2408 1568 2471 intpp.
1588 2422 1646 2455 ex
1663 2407 1800 2457 Iliad.

1021 2495 1056 2527 ν,
1095 2489 1167 2535 13.
1197 2490 1282 2536 143
1314 2472 1392 2519 etsi
1414 2472 1509 2535 ipsa
1526 2472 1661 2519 turris
1688 2478 1800 2536 poe-

1018 2549 1078 2584 tae
1099 2552 1155 2583 ex
1178 2536 1314 2584 Iliad.
1353 2550 1404 2598 φ,
1441 2539 1535 2600 526
1558 2538 1654 2599 sqq.
1694 2548 1800 2583 nata

1018 2601 1109 2648 effe·
1142 2601 1337 2657 videtur,
1373 2601 1451 2648 ubi
1491 2599 1702 2648 Hestoris
1732 2601 1799 2648 fa-

1019 2676 1116 2713 tum
1157 2681 1214 2713 ex
1250 2682 1302 2713 ea
1341 2664 1558 2729 prospicit
1596 2663 1801 2713 Priamus

1019 2745 1122 2776 cum
1169 2729 1401 2792 TrojaniS.
1468 2728 1668 2792 Egregia
1715 2745 1798 2776 au-

1018 2805 1110 2841 tem
1136 2792 1250 2842 ‘cum
1283 2807 1378 2841 arte
1397 2794 1492 2842 haec
1514 2791 1676 2840 inserta
1694 2792 1799 2840 sunt

1018 2874 1045 2904 a
1079 2864 1214 2922 poeta
1235 2860 1293 2906 ad
1315 2874 1464 2906 rerum
1486 2856 1654 2905 faciem
1675 2855 1800 2904 vari-

1017 2922 1200 2979 andam,
1233 2923 1360 2987 quod
1400 2922 1537 2973 etiam
1575 2920 1798 2971 Wartono

1019 2986 1319 3045 observatum.

1083 3052 1178 3115 469
1220 3050 1315 3115 sqq.
1351 3048 1652 3115 Expugnatur
1691 3057 1795 3096 tan-

1019 3115 1145 3162 dem.
1164 3115 1289 3181 regia
1324 3130 1405 3179 per
1441 3112 1798 3177 Neoptolemum

1023 3179 1222 3228 Achillis
1242 3180 1297 3236 f.,
1329 3177 1410 3241 qui
1430 3177 1546 3242 ipsas
1565 3177 1681 3224 fores
1699 3189 1798 3227 erat

1018 3244 1256 3307 aggressus.
1323 3242 1445 3290 Nam
1487 3242 1576 3288 hoc
1608 3242 1669 3287 est
1701 3254 1801 3289 ante

1018 3307 1265 3374 vestibulum
1284 3311 1432 3371 ipsum,
1463 3306 1511 3354 h.
1534 3322 1575 3353 e.
1591 3304 1799 3367 januam,

1052 3388 1109 3420 ua
1144 3371 1259 3419 illud
1294 3372 1503 3426 intratur,
1528 3377 1737 3433 primoque
1756 3375 1801 3417 in

1048 3444 1175 3487 bime.
1260 3433 1456 3501 Egregie
1493 3446 1645 3480 autem
1693 3449 1799 3480 eum

1437 3495 1767 3562 repraesentavit
1780 3511 1796 3542 ;
