2372 4030
249 366 251 369 ,
291 301 797 389 TRACTAT.
832 302 1465 380 INVENTIONE.
1543 332 1841 394 Lxxxur

111 503 114 509 ’
187 495 485 552 eventus,
583 482 855 576 Qippe
873 507 946 548 ea
965 483 1057 550 est
1085 487 1336 573 generis
1368 485 1637 558 humani
1670 511 1842 562 tam-

187 609 394 691 quarn
424 595 723 683 infantia,
774 613 847 663 ut
887 598 1133 687 majore
1166 601 1509 668 miratione
1555 611 1842 677 contae'ti

186 713 390 781 ‚fimus
422 732 677 786 omneS,
731 709 776 775 fi
808 709 1050 788 futura,
1103 713 1300 778 etiam
1335 718 1500 781 male
1545 722 1839 807 gerenda,

188 824 541 920 provideri,
592 842 798 913 quam
847 820 894 887 fi
942 820 1280 914 praesentia
1326 827 1490 892 bene
1543 833 1844 902 constitui

187 940 556 1008 videamus.
615 933 729 999 Est
762 957 956 1023 porro
993 939 1655 1009 accommodatissima
1685 955 1844 1034 poe-

182 1055 338 1122 'ticae
385 1056 508 1119 arti
563 1064 626 1114 et
683 1049 959 1114 orationi
1016 1049 1132 1114 illa
1201 1056 1590 1142 expeetatiQ
1640 1083 1844 1147 quam

185 1168 496 1237 vaticinia
529 1164 804 1241 faciunt,
857 1181 918 1230 et
943 1172 1155 1255 po'e'tae
1188 1168 1483 1255 spiritum
1511 1170 1677 1237 nihil
1702 1197 1845 1238 ma-

153 1344 155 1346 .
179 1282 325 1372 jore
355 1294 510 1346 'cum
539 1279 607 1346 vi
640 1279 927 1369 impellit
960 1295 1021 1344 et
1049 1280 1443 1357 inflammat,
1495 1306 1695 1373 quam
1728 1313 1843 1356 va-

183 1406 338 1461 tum
390 1393 595 1470 furor,
647 1409 710 1458 et
763 1395 1176 1461 oraculorum
1229 1397 1559 1487 ambages,
1660 1401 1844 1467 Tan..

186 1507 341 1573 dem
392 1507 709 1597 Virgilius
770 1530 846 1572 ea
887 1523 1070 1573 aetate
1116 1509 1401 1587 vivebat,
1483 1535 1613 1600 qua
1665 1528 1843 1581 totus

113 1638 115 1643 “
185 1635 505 1689 terrarum
535 1621 707 1688 orbis
740 1623 908 1687 miro
934 1623 1395 1690 vaticiniorum
1440 1641 1502 1690 et
1534 1629 1838 1693 oraculo..

182 1723 335 1805 rum
365 1760 584 1803 amore
608 1735 1001 1802 insaniebat:
1054 1735 1144 1803 cf.
1178 1739 1458 1827 Argum.
1511 1740 1655 1807 Ecl.
1710 1743 1837 1813 IV.

184 1853 275 1919 ita
305 1867 377 1917 ut
410 1850 526 1916 ista
572 1849 995 1939 expediendae
1028 1851 1408 1915 narrationis
1443 1853 1640 1939 epicae
1675 1857 1837 1923 ratio

183 1986 305 2055 pro
347 1962 713 2028 feliciffimo
752 1963 1019 2028 invento
1069 1963 1272 2053 vulgo
1306 1963 1522 2029 haberi
1557 1964 1837 2034 deberet.

94 2169 100 2172 ,
184 2069 300 2145 ΕΡ(
322 2092 542 2144 tamen
570 2078 770 2144 etiarn
801 2074 926 2142 hoc
957 2093 1411 2143 commentum
1450 2078 1539 2142 ita
1566 2101 1837 2169 compa.

181 2202 421 2268 ratum,
467 2208 541 2259 ut
579 2211 720 2258 rem
749 2215 885 2256 non
917 2191 1301 2282 excogitaffe
1351 2190 1459 2256 sed
1489 2196 1837 2263 commode

181 2304 483 2372 oblatam.
503 2300 821 2396 sapienter
847 2306 917 2371 in
944 2303 1094 2370 usus
1146 2303 1293 2370 suos
1326 2303 1699 2370 convertisse
1732 2306 1837 2387 di..

181 2421 424 2488 cendus
455 2421 576 2488 fit.'
654 2421 842 2486 Miro
891 2421 1069 2486 enim
1104 2419 1405 2485 omnium
1446 2415 1833 2507 scriptorum

178 2535 492 2604 consensu
522 2551 655 2602 tota
687 2534 767 2600 de
797 2536 1013 2602 AEnea
1043 2534 1313 2599 narratio
1344 2557 1458 2622 per
1502 2533 1831 2629 vaticinia,

182 2651 462 2728 oracula,
514 2649 788 2726 somnia,
839 2648 1110 2740 auguria
1143 2630 1225 2713 *et
1265 2647 1489 2713 omina
1520 2647 1827 2737 exigitur,

182 2762 312 2831 five
341 2762 466 2830 hoc
491 2769 860 2854 poetarum,
908 2788 946 2830 a
973 2763 1213 2855 quibus
1246 2761 1325 2826 ab
1367 2761 1557 2826 initio
1585 2785 1656 2826 ea
1699 2761 1829 2828 fuit

180 2881 471 2969 unitata,
517 2876 645 2945 five
674 2877 1098 2969 antiquorum
1123 2875 1494 2952 hominum,
1522 2900 1558 2941 a
1584 2875 1825 2965 quibus

99 3018 101 3020 ¹
177 2989 418 3083 posteri
445 3016 591 3060 eam
622 3008 1030 3082 acceperunt,
1082 2992 1363 3083 ingeniis
1406 2989 1823 3058 tribuendum.

180 3104 295 3172 est.
392 3108 459 3172 T
462 3106 670 3200 rojani
722 3101 868 3173 sane
927 3132 964 3173 e
1021 3105 1331 3197 Phrygia,
1404 3106 1823 3196 auguriorum.

71 3264 73 3268 »
174 3211 1032 3314 ὀπιῐιίῐιοςυεῇνειῒίεἰῐιειηάἰ
1079 3245 1152 3286 ac
1205 3219 1538 3285 divinandi
1581 3217 1817 3283 artium

179 3334 362 3427 quafi
386 3326 592 3401 matre
619 3357 693 3400 ac
717 3332 889 3416 sede,
936 3333 1190 3426 digreffi
1216 3333 1448 3402 multas
1474 3330 1670 3422 hujus
1698 3352 1817 3418 ge-

173 3495 222 3527 -.,
271 3453 486 3547 ΤοΜ.
523 3472 615 3519 11·
751 3432 753 3434 ’
885 3473 889 3476 ’
1027 3449 1072 3522 f
1641 3443 1815 3513 neris
