2372 4030
564 331 1092 410 AENEIDOS,
1170 333 1356 399 ΜΒ.
1417 334 1466 398 1.
1762 358 1832 424 19

206 492 538 571 Incubuere
564 503 737 575 mari,
774 516 1087 584 totumque
1113 525 1147 562 a
1173 503 1400 564 sedibus
1428 506 1562 566 imis

208 617 348 705 Una
377 614 685 695 Eurusque
706 616 1015 696 Notusque
1042 630 1219 675 ruunt
1239 615 1555 694 creberque
1571 615 1842 697 procellis

209 706 470 813 AfricuS,
510 742 570 788 et
601 729 786 789 vastos
815 730 1062 790 volvunt
1091 729 1163 788 ad
1185 729 1357 788 litora
1383 728 1610 789 fluctus.
1771 732 1844 791 86

207 842 544 922 Insequitur
561 842 905 922 clamorque
932 841 1127 901 virum
1157 842 1481 921 stridorque
1509 844 1844 906 rudentum.

177 960 180 965 ’
208 955 497 1037 Eripiunt
524 954 721 1015 subito
746 955 930 1014 nubes
960 955 1305 1031 coelumque
1333 953 1612 1034 diemque
1757 931 1759 934 ι

210 1065 586 1127 Teucrorum
615 1086 687 1125 ex
717 1065 907 1145 oculis
932 1088 946 1124 :
989 1079 1176 1144 ponto
1204 1084 1322 1122 nox
1351 1064 1590 1126 incubat
1609 1079 1751 1129 atra.

211 1179 527 1262 Intonuere
544 1177 692 1257 poli,
720 1193 778 1237 et
796 1177 1015 1238 crebris
1038 1177 1221 1237 micat
1234 1178 1477 1257 ignibus
1500 1179 1720 1239 aether:
1776 1201 1855 1262 90

265 1358 335 1412 34.
365 1369 552 1416 tortumque
581 1361 742 1416 legebat
773 1370 814 1402 et
846 1361 913 1402 hic
945 1356 1213 1400 Marklandus
1243 1360 1485 1415 Epistlcrit.
1505 1375 1547 1417 p.
1570 1374 1635 1413 52.
1670 1361 1739 1403 ubi
1758 1363 1858 1406 illud

213 1434 343 1466 tortum
361 1428 404 1467 in
422 1426 538 1480 plura
555 1429 766 1480 poetarum
785 1425 870 1465 loca
889 1424 1075 1464 reducere
1095 1423 1299 1463 allaborat.
1414 1425 1477 1475 85.
1508 1427 1693 1479 crebrffque
1722 1427 1857 1475 Mad,

213 1491 345 1531 Goth.
376 1500 470 1531 tert.
504 1505 528 1530 a
555 1505 612 1531 m.
651 1504 713 1544 pr.
781 1490 987 1531 Caeterum
1020 1487 1155 1527 nullus
1190 1487 1337 1527 habet:
1397 1490 1477 1528 Una
1513 1491 1632 1528 Eurus
1670 1492 1858 1541 Boreasquae

213 1565 334 1605 ruunt,
378 1556 446 1597 vel
478 1559 560 1597 Una
590 1558 775 1609 'Eurusque
794 1556 983 1607 Aquiloque
1010 1569 1044 1592 r.
1072 1553 1179 1591 hunc
1215 1563 1351 1592 tamen
1372 1554 1413 1592 in
1433 1555 1506 1593 hac
1534 1555 1766 1607 tempestate
1798 1555 1862 1594 in-

215 1619 360 1673 primis
375 1620 576 1675 expedies,
601 1634 680 1673 qua
708 1619 759 1659 ad
788 1618 964 1670 Libyam
1001 1615 1202 1655 deferatur
1233 1615 1362 1656 claffis.
1475 1617 1541 1657 86.
1569 1620 1723 1670 Affricus
1743 1617 1861 1656 multi

213 1684 403 1726 scribunt.
456 1686 616 1738 >Affn'cos
636 1684 831 1724 Rottend.
853 1691 894 1722 et
914 1680 1038 1720 Goth.
1057 1694 1119 1735 pr.
1171 1683 1221 1718 ad
1229 1682 1350 1733 fidem
1382 1681 1518 1734 Bigot.
1546 1690 1587 1720 et
1606 1682 1714 1720 idem
1733 1682 1860 1720 Goth.

214 1760 275 1801 pr.
331 1750 453 1787 tollunt
470 1752 519 1787 ad
514 1749 634 1803 fidem
652 1748 818 1800 Hugen.
836 1759 909 1799 pro
930 1744 1007 1784 div.
1028 1743 1124 1783 Ιετᾶ.
1144 1743 1289 1782 scilicet
1308 1756 1354 1782 ex
1372 1758 1411 1782 v.
1436 1755 1526 1793 103.
1638 1743 1704 1793 87.
1734 1746 1774 1782 It
1790 1760 1861 1785 cte.-

215 1816 251 1852 Ιο
269 1814 458 1865 clamorque
477 1830 516 1851 v.
535 1827 600 1865 ap.
617 1811 805 1851 Priscian.
823 1810 926 1850 libro
943 1810 1035 1854 VII,
1065 1807 1130 1846 sed
1147 1807 1262 1845 aliter
1280 1807 1413 1860 scripti
1431 1817 1472 1847 et
1491 1808 1693 1860 Eutyches
1713 1810 1859 1846 Gram-

215 1876 387 1916 maticus
413 1888 477 1930 ap.
499 1877 621 1929 Heius]
734 1875 803 1915 88.
834 1875 1029 1927 Arripiunt
1058 1870 1206 1911 Hamb.
1241 1884 1302 1923 pr.
1342 1871 1434 1910 fors.
1491 1873 1682 1924 Abripiunt
1721 1873 1858 1910 Burm.

328 1951 393 1991 90.
421 1948 454 1978 et
468 1939 573 1979 abest
593 1953 616 1978 a
634 1941 767 1991 Sprot.
789 1937 942 1988 Hamb.
963 1949 1022 1989 pr.
1046 1943 1086 1974 et
1119 1935 1182 1974 ed.
1201 1936 1306 1973 Ven.
1323 1944 1364 1973 et
1394 1934 1533 1973 malim
1567 1934 1716 1982 deesse;
1743 1934 1863 1975 habet

217 2002 352 2042 Schol.
370 2004 513 2042 Horat.
531 2002 547 2040 1
567 2003 633 2042 od.
654 2014 705 2052 34
726 2015 759 2041 c.
782 2010 887 2040 caett.
945 1999 1022 2038 Sed
1055 1998 1212 2038 infinita
1242 1998 1328 2037 loca
1365 1998 1407 2036 in
1440 2000 1558 2051 poeta
1576 1998 1679 2045 sunt,
1705 1997 1774 2036 ubi
1793 2011 1862 2036 au·

217 2067 326 2108 rium
342 2066 538 2119 judicium
557 2076 625 2105 aut
644 2065 849 2106 sententiae
867 2064 927 2103 vis
944 2062 1157 2116 postulant,
1173 2071 1219 2101 ut
1239 2062 1418 2113 ejiciatur
1440 2060 1593 2112 copula,
1619 2074 1708 2111 quae
1728 2068 1862 2098 tamen

218 2139 308 2171 tuta
327 2130 427 2170 latet
447 2129 516 2169 sub
537 2131 718 2171 codicum
731 2129 914 2182 praefidio
934 2137 973 2166 et
993 2125 1131 2165 tutela.
1190 2125 1306 2165 Nihil
1340 2126 1439 2165 adeo
1465 2137 1611 2164 novare
1638 2124 1743 2163 licet.
1796 2127 1859 2162 αέν

218 2196 345 2235 MSS.
364 2196 502 2234 Graeu.

219 2354 297 2386 rus
321 2336 415 2385 Od.
436 2359 472 2391 ε,
491 2350 579 2402 291
609 2334 674 2399 sq.
743 2349 828 2382 nec
843 2346 1005 2382 tamen

221 2403 373 2452 minus
391 2402 608 2455 sublimis.
680 2400 852 2448 Statius
896 2400 1006 2447 Vir-

220 2467 327 2533 gilii
338 2467 541 2531 vestigiis
553 2465 713 2514 institit
726 2483 739 2521 ;
757 2464 1008 2529 dubiamque

204 2539 321 2599 jugo
336 2538 508 2597 fragor
551 2532 723 2595 impulzt
770 2532 907 2578 Oeten
950 2531 1006 2576 In

168 2631 179 2645 .
220 2599 357 2647 latus.
398 2597 554 2646 Theb.
582 2597 649 2651 II,
674 2612 690 2643 1
708 2612 781 2661 19.
826 2613 1005 2643 conver-

207 2667 271 2729 stc
314 2665 498 2727 cuſju'dc’,
535 2663 700 2717 hastae3
739 2676 876 2725 quam
922 2660 1011 2707 diis

216 2730 398 2794 gestare
435 2728 618 2776 solenne
659 2726 738 2781 est,
782 2728 902 2774 hanc
940 2726 1009 2772 in-

223 2806 429 2860 torquet,
494 2792 725 2847 immittit,
784 2803 1012 2856 ruptaque

222 2859 486 2925 rupe-viam
509 2858 658 2907 ventis
677 2855 810 2912 facit,
847 2872 940 2920 qua
964 2872 1009 2902 e-

219 2936 460 2988 rumpant.

293 2992 498 3054 84-86.
535 2987 785 3042 Incubuere,
833 2984 1012 3036 incum-

222 3054 358 3110 bunt,
387 3057 580 3109 infimam,
613 3058 833 3118 ἐπέχραον,
860 3055 1015 3101 ἐνέσκη-

227 3121 336 3184 ψεξν.
371 3135 400 3167 a
416 3117 594 3180 fidibus
615 3124 715 3168 imi!
733 3131 882 3171 ruunt,
903 3118 951 3164 h.
971 3133 1011 3163 e.

224 3196 391 3234 eruunt
423 3200 450 3231 a
479 3181 664 3241 fund‘03
695 3182 784 3231 inf.
823 3183 896 3236 II,
919 3197 1015 3247 419

225 3255 307 3299 imo
343 3250 509 3296 Nereus
544 3253 626 3296 ciet
657 3254 832 3324 aeq'uora
858 3250 1012 3308 fundo.

222 3315 449 3381 'Sequitur
466 3314 743 3378 tempestatis
766 3312 1014 3371 descriptio

219 3380 436 3444 omnium
479 3378 576 3426 fere
615 3379 714 3443 post
757 3377 1012 3440 Virgilium

226 3447 473 3522 poetarum
482 3442 740 3496 imitatione
751 3441 1011 3499 nobilitata,

221 3528 279 3561 m
301 3527 393 3575 qua
431 3507 784 3562 observandum,
798 3514 1010 3572 ssquomo—

223 3573 292 3629 do
313 3574 473 3627 omnia
505 3574 593 3626 sint
616 3571 679 3636 >ad-
714 3586 936 3631 terrorem
969 3581 1016 3622 et

1087 2332 1439 2382 admirationem
1463 2342 1659 2379 narrata.
1720 2329 1868 2395 Qod

1090 2400 1290 2463 undique
1322 2398 1449 2445 venti
1483 2412 1724 2461 erumpere
1764 2413 1867 2442 nar-

1089 2478 1265 2517 rantur,
1291 2480 1379 2511 non
1405 2479 1460 2509 eo
1481 2462 1667 2527 spectat,
1705 2473 1753 2508 ut
1777 2476 1867 2508 uno

1088 2530 1343 2593 eodemque
1381 2527 1599 2590 temporis
1637 2539 1870 2574 momento

1088 2610 1248 2642 omnes
1291 2593 1420 2640 venti
1462 2592 1658 2656 spirent:
1708 2606 1869 2637 verum

1091 2660 1178 2714 uti,
1222 2659 1346 2724 quod
1382 2668 1544 2705 natura
1596 2655 1870 2719 tempestatis

1093 2726 1203 2779 fert,
1237 2723 1409 2773 crebrae
1452 2721 1570 2773 aeris
1594 2720 1868 2768 mutationes

1092 2790 1152 2838 ab
1183 2789 1394 2840 omnibus
1432 2785 1541 2834 inde
1575 2786 1679 2834 coeli
1718 2784 1868 2848 plagia

1092 2854 1173 2902 fibi
1194 2852 1454 2907 succedant,
1488 2851 1553 2900 cf.
1579 2852 1694 2899 Exe.
1715 2851 1791 2896 111
1809 2848 1869 2895 ad

1091 2921 1138 2969 h.
1166 2937 1210 2966 v.

1161 2990 1238 3048 87.
1276 2980 1459 3032 Laudat
1482 2977 1668 3032 Servius
1695 2995 1753 3026 ex
1778 2977 1869 3025 Pa-

1092 3050 1231 3106 cuvio
1253 3048 1301 3095 in
1324 3048 1509 3095 Teucro
1528 3063 1544 3100 ;
1565 3057 1870 3096 armamntum

1077 3118 1248 3180 stridor
1267 3125 1308 3161 et
1329 3113 1546 3161 rudentum
1562 3107 1750 3172 sthilus3
1795 3107 1868 3154 fu-

1092 3181 1220 3229 nium
1242 3175 1544 3227 nauticorum‘.

1161 3247 1236 3293 88.
1263 3246 1338 3311 89.
1375 3239 1532 3302 Odyff.
1554 3258 1592 3293 ε,
1624 3252 1713 3300 293
1740 3235 1807 3283 σὺν
1829 3234 1871 3281 δὲ

1093 3313 1269 3371 νεφέεσσι
1307 3305 1476 3361 κάλυψε
1517 3302 1640 3349 Γαῖαν
1680 3301 1761 3364 ‹iga-3
1798 3300 1873 3346 καὶ

1092 3377 1248 3422 πόντον·
1270 3374 1398 3434 ὄξῶξει
1418 3369 1452 3414 δ’
1473 3365 1667 3429 ε’ξανόθεν
1690 3365 1772 3421 νύξ.
1805 3362 1869 3410 cf.

1094 3438 1253 3502 Odyss.
1294 3458 1325 3491 ι,
1359 3432 1552 3496 66--69
1592 3441 1639 3478 et
1667 3428 1749 3476 inf.
1771 3428 1867 3480 ΙΙΙ,

1101 3509 1211 3569 198,
1225 3500 1306 3550 ubi
1326 3497 1478 3551 m‘mbi,
1500 3494 1582 3561 qui
1603 3491 1649 3549 h.
1673 3493 1707 3540 l.
1727 3491 1869 3540 nubes.
1887 3498 1889 3501 ’

1096 3569 1221 3618 Mox
1232 3564 1326 3632 poli
1347 3577 1433 3629 pro
1450 3561 1567 3612 coelo
1583 3557 1727 3622 fimpl.
1767 3618 1820 3668 N

1591 3662 1602 3680 s
1670 3635 1748 3699 2²·
1790 3651 1792 3653 ·
1817 3634 1869 3667 a.
