2372 4030
444 296 577 375 DE·
609 296 922 374 CARM.
955 294 1235 374 meo
1266 296 1623 404 VIRGI'Lt
1744 324 1893 392 ιω

252 481 454 553 tionis
482 484 798 576 elegantia
841 500 910 551 ‘et
962 501 1191 552 ornatu
1241 486 1633 577 castigatiore
1663 509 1896 579 parum

247 593 716 668 laboraverant.
742 601 916 666 Inter
939 598 1601 689 haecpr‘aetereundum
1621 626 1750 667 non
1775 601 1890 681 est,

250 732 386 780 non
428 715 647 780 minus
683 732 768 779 ex
808 711 1359 804 popularibussuis
1391 710 1718 803 profecisse
1744 706 1897 779 'Vir-

245 826 484 917 gilium
511 823 685 892 haud
715 848 971 915 parum.
1040 828 1382 912 Qantum
1408 826 1544 891 auri
1574 849 1658 890 ex
1680 825 1895 890 Ennio

234 936 522 1029 ‘aliisque
552 938 802 1029 legerit,
840 936 1113 1003 studiose
1138 938 1411 1004 docuere
1437 935 1892 1016 Grammatici,

249 1051 322 1119 in
349 1052 709 1144 primisque
745 1050 1124 1118 Macrobius
1168 1053 1238 1118 in
1263 1053 1514 1118 Saturn.
1589 1054 1894 1141 Spedtant

248 1167 668 1257 pleraquead
717 1166 911 1233 verba
943 1164 1391 1255 significantia,
1442 1165 1728 1254 propria,
1777 1187 1895 1230 an-

248 1280 463 1370 tiqua,
511 1296 657 1346 tum
707 1280 787 1347 ad
834 1271 1078 1348 formas
1140 1280 1423 1370 poeticas
1480 1295 1542 1344 et
1591 1275 1895 1366 phantast-

248 1401 449 1460 mata.
529 1395 886 1462 Interdum
921 1395 1137 1462 versus
1171 1396 1410 1486 integri
1440 1410 1499 1460 et
1531 1394 1681 1468 loci,
1730 1412 1896 1483 pau-

248 1510 340 1576 cis
366 1508 497 1576 fere
529 1513 823 1590 mutatiS‚
877 1510 1054 1578 fuere
1106 1510 1410 1579 transsati.
1508 1509 1709 1597 Qod
1741 1534 1893 1576 vero

246 1622 461 1689 multo
512 1618 721 1715 magis
783 1626 1206 1690 memorabile
1262 1624 1387 1690 este
1448 1641 1582 1689 non
1635 1624 1893 1690 videtur

156 1792 159 1795 .
245 1733 630 1826 dedignatus
662 1736 781 1804 effe
803 1734 1118 1829 Virgilius
1151 1753 1448 1804 mutuare
1474 1759 1691 1803 rerum
1721 1751 1891 1802 trac-

244 1848 589 1915 tandarum
643 1850 923 1928 modos,
962 1867 1026 1916 et
1088 1850 1372 1941 episodia
1414 1849 1752 1916 transferre
1807 1870 1889 1914 ex

245 1962 751 2052 antiquioribus.
849 1965 1077 2033 Unum
1118 1966 1208 2031 est
1256 1966 1660 2055 exemplum,
1710 1962 1889 2054 quod

241 2075 542 2154 lau'dabO,
592 2100 676 2143 ex
703 2076 1010 2145 Macrob.
1069 2078 1193 2154 VI,
1229 2100 1294 2148 2.
1331 2095 1496 2146 extr.
1593 2081 1672 2144 In
1705 2079 1889 2165 prin·-

242 2189 400 2279 cipio
447 2190 742 2258 AEneidos
795 2194 1105 2282 tempestas
1160 2193 1544 2280 describitur,
1593 2211 1653 2258 et
1692 2196 1750 2258 V
1741 2217 1888 2257 enus

241 2304 412 2395 apud
423 2304 657 2395 Jovem
671 2306 970 2396 queritur
996 2305 1064 2371 de
1085 2306 1550 2396 perz'calisfilil,
1584 2324 1646 2371 et
1678 2305 1887 2395 Jupi-

240 2435 343 2485 ter
393 2443 522 2485 eam
583 2418 653 2485 de
711 2420 1073 2508 futurorum
1132 2421 1545 2510 prosperitate
1577 2421 1833 2508 solatur
1861 2445 1884 2483 .-

238 2527 354 2599 hic
380 2533 564 2601 locus
591 2549 767 2601 totus
795 2534 1043 2602 sumtus
1084 2560 1122 2602 a
1153 2536 1394 2603 Naevio
1426 2534 1516 2601 est
1555 2556 1637 2599 ex
1665 2535 1882 2625 primo

237 2646 408 2715 libro
435 2648 592 2716 belli
619 2651 877 2719 Punici.
945 2649 1090 2719 Illic
1116 2652 1272 2718 enim
1295 2677 1463 2742 aeque
1502 2654 1698 2716 Venus
1725 2647 1791 2715 ‘T
1780 2672 1880 2714 ro-

210 2763 403 2858 janis
447 2767 789 2854 tempestate
830 2766 1250 2833 laborantibus
1294 2790 1424 2832 cum
1470 2765 1644 2854 Jove
1671 2764 1875 2853 queri-

158 2970 160 2972 *
239 2894 355 2957 tur
370 2909 396 2956 3
445 2896 508 2977 et
525 2881 888 2975 stquuntur
914 2881 1105 2947 verba
1134 2880 1332 2971 Jovis‘
1337 2879 1544 2967 filiam
1574 2877 1877 2965 corffolan-

239 2993 329 3060 tis
345 2997 475 3083 spe
494 2997 892 3082 futurorum.
989 2998 1145 3062 Item
1175 2991 1244 3061 de
1274 2995 1559 3061 Pandaro
1593 3010 1655 3058 et
1698 2991 1875 3057 Bitia

236 3106 654 3197 apertentrbus
681 3126 907 3200 portas
938 3105 1124 3203 (AEn.
1183 3108 1304 3187 XI,
1370 3109 1499 3199 672
1534 3103 1665 3197 sq.)
1710 3105 1875 3170 locus

155 3246 157 3249 ·
235 3237 524 3311 acceptus
581 3222 663 3311 ςβ
710 3248 789 3290 ,εκ
849 3223 958 3289 lib.
1015 3223 1163 3289 XV.
1200 3221 1421 3297 Ennii,
1471 3218 1581 3309 qui
1629 3218 1873 3284 induxit

235 3339 338 3408 H
314 3337 508 3426 stros
552 3336 723 3404 duos
780 3339 848 3414 in
923 3336 1042 3426 obs
1038 3335 1206 3401 dtone
1280 3349 1455 3422 erup
1433 3327 1531 3422 ffl
1602 3350 1867 3422 portam,

235 3449 579 3618 etstragem
608 3451 678 3519 de
708 3451 1010 3541 officiente
1019 3447 1416 3540 hostefi’cff’
1482 3446 1871 3666 Etiamsegi-

158 3592 161 3593 ⁷
380 3620 382 3627 ,
967 3564 1012 3631 d
1046 3582 1087 3634 2
1718 3579 1756 3623 0
1803 3578 1869 3622 10
