2294 4030
450 383 568 444 808
829 363 1464 438 EXCURSUS
1530 362 1698 430 xm

453 546 721 598 Cudworth.
747 561 796 609 p.
841 559 957 606 1043
990 546 1013 601 ξ
1041 557 1089 604 9.
1161 537 1280 586 Illud
1319 537 1506 602 quidem
1543 535 1647 585 satis
1669 536 1849 601 liquere
1871 540 2003 603 pato,
2031 538 2098 582 eff

457 622 641 687 vulgari
663 619 958 668 vetustiorum
982 613 1243 678 theologia,
1279 613 1338 659 ab
1370 612 1629 678 AEgyptiis,
1663 623 1713 659 ut
1755 611 1994 675 probabile
2030 611 2101 664 fit,

451 698 602 762 primo
616 695 780 761 petita,
814 706 861 741 et
877 690 1150 756 symbolice,
1183 700 1234 736 ut
1257 684 1408 752 prisco
1427 705 1526 736 aevo
1545 686 1643 735 fieri
1660 688 1830 735 necess'e
1853 699 1972 742 erat,
2012 703 2099 734 ex:-

453 773 613 837 pressa,
651 769 1066 834 Pythagoricorum
1092 765 1526 827 Platonicorumque
1545 780 1639 812 non
1658 763 1806 811 minus
1825 779 1964 828 quam
1982 753 2101 825 mysssb

453 847 677 895 teriorum
702 844 1034 895 Eleufiniorum
1054 840 1224 903 placita
1250 840 1309 887 de
1331 839 1492 887 inferis
1518 839 1604 887 esse
1629 838 1803 897 duc'ta3
1840 857 1924 887 nec
1947 852 2103 887 tamen

455 922 688 985 intelligo,
713 918 942 985 quomodo
963 915 1076 964 mille
1093 921 1196 962 anni
1213 928 1258 962 et
1283 914 1416 962 Lethe
1430 927 1535 978 pota
1558 914 1722 962 eodem
1745 914 1908 962 referri
1919 913 2103 978 poffint,

458 1014 558 1061 quae
581 995 764 1060 quidem
789 991 1023 1041 manifeste
1053 989 1155 1037 sunt
1176 989 1417 1036 Platonica
1438 1000 1718 1037 commenta.
1788 988 1879 1037 Sed
1915 988 2106 1037 omnino

456 1072 531 1119 vir
550 1071 626 1118 ille
648 1070 864 1121 summus,
897 1067 944 1114 in
977 1064 1220 1113 subtilibus
1255 1062 1565 1128 questionibus
1610 1060 1836 1111 solvendis
1875 1062 2106 1128 sagaciffi-

457 1164 577 1200 muS,
610 1147 851 1209 poetarum
883 1141 1110 1204 interpres
1145 1152 1244 1187 erat
1287 1154 1451 1202 parum
1493 1138 1707 1192 idoneus,
1743 1149 1793 1186 ut
1816 1154 1874 1186 ex
1904 1151 2004 1187 tota
2023 1138 2107 1187 illa

459 1220 762 1285 disputatione
802 1216 1053 1265 Homerica
1093 1215 1199 1263 satis
1239 1213 1508 1284 intelliga53
1555 1214 1670 1263 item
1697 1214 1747 1262 in
1770 1214 2015 1278 quaestione
2047 1214 2109 1262 de

459 1296 741 1361 stigmatibus
767 1294 1023 1341 animorum
1058 1295 1130 1354 (v.
1174 1291 1292 1339 Not.
1328 1289 1385 1336 ad
1411 1307 1458 1337 v.
1502 1290 1812 1355 735—739).
1883 1289 1992 1339 Hoc
2026 1288 2109 1337 fibi

456 1371 644 1421 omnino
668 1369 922 1432 persuasum
946 1370 1165 1422 habeant,
1200 1365 1375 1412 neceffe
1399 1366 1480 1420 est,
1516 1365 1785 1413 vetustiores
1810 1364 2109 1430 philosophiae

456 1448 745 1508 interpretes,
780 1445 873 1492 fieri
890 1443 1025 1508 plane
1049 1459 1140 1491 non
1158 1442 1298 1505 posse,
1332 1453 1383 1487 ut
1407 1440 1655 1505 quicquam
1678 1439 1926 1503 proficiant
1951 1440 2001 1488 in
2023 1455 2107 1487 an·-

459 1520 801 1586 tiqui‘ssimorum
822 1531 868 1566 et
893 1535 1070 1573 eorum,
1104 1520 1186 1582 qui
1204 1533 1281 1564 eos
1302 1515 1567 1579 sequuntur,
1592 1514 1968 1581 philosophorum
1985 1515 2108 1580 dog-

457 1597 655 1645 matibus
673 1593 982 1660 intelligendis
998 1606 1045 1642 et
1068 1592 1299 1646 eruendi5‚
1335 1592 1415 1639 nis1
1435 1591 1531 1639 vim
1559 1603 1605 1638 et
1623 1590 1852 1639 rationem
1870 1590 2106 1655 poeticam

459 1673 826 1738 antiquissimam,
861 1670 1069 1735 mythica
1091 1683 1137 1717 et
1171 1668 1423 1732 symbolica
1462 1677 1641 1721 eorum,
1676 1684 1780 1730 quae
1803 1667 2110 1732 excogitave-

461 1761 580 1803 rant,
614 1747 673 1795 ad
700 1747 868 1795 sensum
887 1745 1169 1808 expolitione
1193 1757 1238 1791 et
1257 1742 1659 1809 repraesentatione
1681 1742 1840 1791 omnia
1863 1742 2107 1792 enuntian-

461 1835 574 1877 tem,
608 1822 883 1870 familiarem
901 1821 982 1868 fibi
1004 1820 1300 1868 reddiderim
1371 1819 1494 1866 Cum
1519 1835 1574 1867 ea
1596 1828 1729 1866 aetate
1748 1818 1967 1868 sermonis
1991 1836 2107 1869 non-

462 1899 572 1946 dum
597 1899 700 1944 ess'et
719 1896 939 1943 subtilitas
963 1910 1037 1949 ea,
1072 1908 1123 1943 ut
1146 1893 1333 1960 proprie
1356 1895 1521 1942 efferre
1557 1894 1735 1959 possent
1773 1905 1846 1943 res
1885 1895 2113 1960 intelligi·

462 1973 594 2026 biles,
631 1984 769 2034 utque
789 1970 905 2018 adeo
927 1987 982 2018 ne
1001 1970 1263 2035 cogitarent
1281 1969 1472 2033 quidem
1488 1970 1580 2017 fine
1599 1967 1849 2032 symbolica
1867 1968 2023 2035 aliqua
2039 1987 2114 2018 re-

464 2046 827 2113 praesentatione,
864 2045 962 2094 fieri
983 2045 1116 2093 aliter
1137 2063 1227 2094 non
1249 2057 1451 2110 poterat,
1486 2060 1624 2110 quam
1650 2056 1700 2091 ut
1737 2044 1956 2109 mythicis
1977 2046 2120 2095 invo:

464 2123 619 2177 lucriS,
654 2139 746 2170 non
770 2141 948 2169 arcanae
970 2123 1177 2170 dominae
1180 2124 1346 2186 studio,
1381 2120 1506 2184 quod
1529 2131 1699 2169 vanum
1715 2121 1778 2168 est
1797 2120 2007 2176 credere,
2040 2121 2117 2170 sed

464 2198 719 2246 necestitate
758 2196 922 2251 coaffl,
978 2196 1378 2261 philosophemata
1422 2197 1501 2245 sua
1545 2196 1861 2245 obscurarent.
1928 2197 2116 2246 Habuit

465 2274 671 2339 profecto
694 2290 748 2320 ea
771 2291 841 2321 res
865 2273 1113 2337 plurimum
1137 2274 1350 2321 molestiae
1374 2288 1420 2321 et
1442 2271 1761 2329 incommodi3
1807 2285 2024 2322 accurate
2046 2273 2113 2321 sa-

469 2349 545 2403 ti3‚
578 2347 816 2402 subtiliter,
849 2360 896 2395 et
914 2348 1100 2395 definite
1124 2349 1277 2413 potuit
1300 2348 1382 2396 vix
1407 2347 1527 2396 tradi
1546 2347 1829 2412 quicquam;
1863 2362 2047 2404 verum,
2082 2349 2115 2397 st

471 2422 530 2470 ad
552 2422 869 2487 intelligentiae
890 2423 1186 2471 subtilitatem
1210 2432 1375 2489 parum
1398 2422 1753 2472 accommodata
1776 2423 1865 2472 fuit
1878 2423 1958 2472 illa
1977 2425 2118 2478 ratio,

468 2508 597 2545 tanto
630 2497 861 2560 potentior
911 2508 958 2544 et
988 2497 1218 2546 efficacior
1251 2514 1307 2546 ea
1351 2497 1582 2548 credenda
1620 2499 1682 2546 est
1704 2497 1829 2546 fuiss'e
1853 2498 1912 2547 ad
1937 2499 2120 2549 animos

471 2571 741 2626 movendos,
791 2570 849 2617 ad
882 2572 1198 2634 phantasmata
1233 2575 1455 2639 praeclara
1485 2572 1715 2621 mentibus
1739 2571 2020 2635 objicienda,
2055 2573 2116 2623 ad

471 2646 728 2694 voluntates
754 2647 973 2693 tenendas
992 2658 1039 2694 et
1066 2646 1369 2704 inclinandas,
1404 2648 1612 2712 adeoque
1637 2646 1695 2695 ad
1724 2647 1975 2696 imbuenda
2009 2650 2125 2699 reli·
2191 2646 2193 2648 ¹

473 2721 623 2786 gionis
647 2733 694 2768 et
716 2722 896 2784 pietatis
919 2722 1044 2770 sensu
1069 2726 1272 2786 pectora.
1340 2726 1416 2773 Ita
1435 2723 1559 2771 enim
1588 2735 1905 2787 attemperata:
1939 2724 2038 2772 sunt
2060 2725 2121 2774 ab'

473 2810 641 2845 aeterna
664 2810 709 2844 et
725 2797 895 2845 summa
918 2800 1084 2847 Mente
1106 2817 1198 2856 res,
1233 2814 1283 2849 ut
1305 2800 1353 2849 in
1372 2800 1500 2850 omni
1521 2813 1655 2848 aetate
1677 2810 1725 2847 et
1742 2798 1932 2864 ,generis
1954 2801 2118 2849 huma-

477 2887 535 2917 na
557 2882 600 2918 et
619 2870 789 2918 summa
813 2871 975 2918 Mente
998 2888 1081 2928 res,
1100 2885 1150 2919 ut
1172 2873 1222 2920 in
1243 2873 1368 2921 omni
1390 2885 1519 2920 aetate
1540 2884 1584 2918 et
1601 2871 1780 2936 generis
1797 2872 1985 2920 humani
2005 2880 2117 2921 cona
2195 2872 2198 2875 ⁴

475 2944 669 2999 ditione,
687 2944 773 2991 five
796 2945 918 2991 rudis
947 2958 1050 2992 aetas
1075 2947 1145 3003 fit,
1169 2947 1245 2994 seu
1267 2947 1409 3012 magis
1428 2945 1660 3012 magisque
1675 2946 1894 3012 expolita,
1918 2948 2120 3012 praefidia

476 3017 526 3065 in
559 3029 738 3082 promtu
783 3020 866 3065 sint
887 3019 943 3064 ad
968 3021 1084 3067 reffle
1106 3020 1390 3087 feliciterque
1411 3023 1659 3086 agendum,
1703 3022 1843 3070 modo
1863 3039 1888 3069 a
1907 3022 2002 3070 solo
2019 3035 2120 3071 cora·

477 3091 598 3156 poris
621 3091 853 3155 animique
873 3092 1018 3149 sensu,
1059 3095 1196 3142 modo
1220 3096 1276 3143 ab
1301 3096 1590 3162 intelligendi
1612 3097 1786 3144 acriore
1807 3107 1852 3144 et
1885 3096 2122 3148 subtiliore

476 3166 541 3222 vi,
565 3182 590 3211 a
614 3165 758 3212 rerum
782 3167 1023 3213 multarum
1048 3169 1338 3232 cognitione,
1377 3171 1434 3218 ab
1457 3171 1629 3218 artibus
1651 3182 1695 3217 et
1716 3169 1936 3227 scientiis,
1979 3181 2122 3235 utque

478 3256 583 3286 cum
601 3238 672 3285 his
698 3238 798 3302 ipfis
816 3239 1042 3287 bonorum
1068 3243 1380 3308 malorumque
1404 3260 1523 3291 nova
1541 3258 1707 3309 genera
1727 3242 1987 3300 succedant,
2020 3243 2120 3308 qui-

477 3313 560 3362 bus
579 3312 720 3358 animi
742 3326 785 3359 et
818 3329 1007 3376 corpora
1027 3327 1337 3364 exerceantur.
1404 3317 1491 3364 Illa
1513 3329 1664 3363 tamen
1686 3315 1946 3379 antiquiora
1967 3316 2118 3380 philo·

476 3384 733 3448 sophemata
752 3388 955 3451 accipere
979 3388 1090 3436 velle
1108 3391 1288 3454 proprie
1304 3403 1348 3438 et
1361 3390 1587 3439 subtiliter
1603 3401 1647 3437 et
1665 3391 1722 3437 ad
1744 3389 1959 3454 sequioris
1984 3393 2125 3440 Graeff

479 3456 564 3505 ciae
603 3456 750 3515 usum,
789 3461 906 3509 forte
939 3462 1057 3511 adeo
1092 3464 1151 3511 ad
1182 3465 1320 3514 nostri
1339 3464 1555 3514 sermonis
1593 3463 1798 3531 genium,
1835 3463 1886 3511 id
1911 3481 2015 3512 vero
2037 3467 2117 3523 est,

677 3548 705 3595 3
1834 3537 2124 3610 Pythagorae,

2269 3846 2294 4030 Qssssmhfl
2283 3792 2294 3829 ..=.
2278 3773 2282 3777 “
2289 3739 2291 3743 Α
