2294 4030
426 395 552 521 ³¹⁵²
787 376 934 444 Ex
965 371 1111 443 GU
1140 378 1197 442 R
1223 381 1264 442 s
1286 353 1356 441 11
1385 379 1427 441 s
1491 370 1648 443 xlv

437 575 550 625 794.
591 559 645 606 81
657 572 701 624 ς.
767 556 844 606 Sic
864 556 974 606 inf.⁴
990 556 1107 618 XII,
1141 558 1234 620 632
1257 556 1500 619 Juturnam
1519 553 1718 604 sororem
1738 547 1942 620 agnoscit
1961 552 2089 617 Tur-

438 650 542 691 nus,
562 649 644 682 nec
664 632 865 714 additur,
887 649 980 698 quo
1002 631 1131 698 figno
1151 632 1223 679 vel
1244 640 1531 696 argumento.
1688 661 1710 666 --

867 792 1445 870 EXCURSUS
1511 794 1657 846 XIV.
1875 866 1878 872 ¹

583 889 753 991 ¹Equi
777 923 934 991 caput
962 932 1102 970 omen
1134 911 1642 991 Carthaginietfium
1657 892 1922 986 fhrtunae.

504 1043 549 1102 I,
583 1062 857 1112 442—445.
893 1048 1025 1095 Paeni
1045 1047 1083 1093 E
1081 1045 1235 1111 ffodere
1257 1044 1336 1095 loco
1338 1046 1535 1111 stgnum,
1567 1029 1678 1109 qaod
1688 1046 1806 1110 regia
1824 1041 1948 1104 Juno
1963 1038 2090 1087 Mon⁴

422 1118 616 1181 strarat,
649 1134 776 1184 caput
802 1128 911 1168 acris
943 1127 1037 1185 equi
1047 1139 1060 1175 3
1079 1121 1148 1181 sic
1181 1139 1281 1166 nam
1301 1124 1402 1183 fon
1436 1117 1540 1166 bello
1572 1118 1800 1182 Egregium
1837 1128 1878 1167 et
1902 1114 2086 1180 facilem

440 1197 566 1241 vida
581 1206 659 1256 per
660 1193 828 1257 saecula
843 1206 1020 1258 gentem.
1087 1191 1239 1254 Caput
1254 1190 1471 1254 equinum
1489 1191 1602 1238 adeo
1619 1188 1872 1254 auspicium
1893 1198 1939 1239 et
1952 1202 2088 1235 omen

442 1264 536 1313 fuit
569 1267 730 1314 futurae
762 1266 979 1322 fortunae3
1016 1265 1114 1313 fore
1154 1263 1314 1312 Poenos
1353 1277 1535 1328 gentem
1556 1263 1816 1311 bellicosam
1855 1274 1901 1312 et
1939 1277 2090 1309 rerum

443 1340 590 1403 copiis
631 1345 706 1403 (ex
745 1339 1039 1405 agricultura,
1074 1337 1363 1402 navigatione
1400 1350 1446 1385 et
1482 1336 1768 1385 commerciis
1799 1336 2090 1401 populorum)

440 1409 713 1462 affluentem.
778 1413 940 1476 Justin.
964 1411 1158 1467 XVIII,
1185 1427 1232 1476 5,
1263 1414 1318 1460 16
1343 1411 1418 1458 Ibi
1430 1430 1581 1476 quoque
1602 1418 1700 1475 equi
1718 1424 1842 1474 caput
1865 1423 2103 1474 repertum„

442 1488 707 1536 bellicosum
739 1501 1057 1554 potentemque
1077 1485 1271 1550 populum
1293 1490 1498 1550 futurum
1516 1486 1791 1551 fignficans,
1821 1485 1923 1533 urbi
1954 1488 2093 1547 cnfspi-

443 1578 584 1612 catam
603 1566 742 1627 sedem
779 1566 905 1610 dedit.
995 1561 1119 1626 Qas
1160 1558 1367 1606 fidiculas
1409 1559 1576 1616 verbis,
1609 1559 1792 1623 facilem
1828 1564 1949 1607 vidia
1990 1558 2092 1606 fore

443 1651 647 1702 gentem,
681 1636 1028 1702 interpretandis
1066 1634 1357 1682 adhibuerint
1393 1633 1484 1680 viri
1521 1633 1668 1689 doc'ii,
1699 1634 1806 1681 vide
1836 1651 1908 1699 ap.
1947 1631 2091 1680 Cerd.

444 1714 602 1762 Burm.
628 1713 801 1777 Trapp.
869 1711 918 1758 Si
955 1709 1395 1773 Carthaginiensium
1417 1707 1650 1755 historiam
1677 1707 1898 1773 inspicere
1930 1707 2091 1756 memi-

445 1787 605 1834 nissent
627 1786 717 1834 viri
740 1785 881 1840 dosii,
905 1785 953 1830 in
977 1783 1129 1830 multis
1150 1783 1282 1846 hujus
1303 1796 1348 1829 et
1370 1781 1523 1846 quarti
1557 1781 1666 1829 libri
1687 1782 1801 1829 locis
1824 1782 1973 1830 minus
1996 1794 2091 1831 tur-

445 1859 936 1908 baffent.Ce1ebrata
973 1857 1078 1904 satis
1116 1857 1234 1903 inter
1272 1868 1441 1904 veteres
1478 1872 1545 1903 res
1581 1856 1658 1910 est,
1694 1855 2095 1921 Carthaginienses

449 1936 549 1999 agri
572 1934 756 1982 colendi
780 1935 875 1980 stud
880 1933 1107 1981 iosiffimos
1129 1931 1273 1986 fuisse,
1307 1942 1353 1978 et
1376 1943 1523 1979 totum
1547 1930 1680 1978 illum
1704 1929 1877 1979 Africae
1899 1933 2091 1979 trastum

446 2009 663 2057 laetiflimo
700 2009 827 2055 cultu
862 2008 1044 2055 summae
1078 2005 1327 2053 fertilitatis
1364 2005 1842 2080 effloruisse.1taque
1879 2006 2095 2071 praeclare

446 2084 502 2131 iis
522 2084 806 2168 portenditur
827 2094 1041 2148 perpetua
1062 2081 1208 2128 vistus
1227 2080 1359 2145 copia
1381 2092 1426 2127 et
1448 2080 1703 2138 affluentia3
1739 2082 1948 2145 etfacilis
1966 2089 2095 2130 vida

445 2160 506 2206 est
542 2159 598 2214 is,
632 2158 710 2222 qui
749 2158 929 2205 facilem
954 2169 999 2204 et
1020 2169 1227 2221 paratum
1248 2155 1417 2202 vietum
1439 2155 1603 2203 habet.
1639 2157 1732 2203 ε’ὀπ
1735 2178 1777 2220 go
1780 2178 1818 2213 ς,
1860 2167 1911 2204 ut
1933 2171 2094 2221 agrum

430 2233 640 2297 frugibus
677 2233 748 2280 vel
759 2231 1133 2297 frugumfczcilem
1155 2230 1315 2277 dixere
1336 2241 1519 2278 veteres.
1588 2230 1862 2279 Tenendum
1896 2231 2091 2288 scilicet,

447 2323 517 2362 ea,
553 2324 651 2371 quae
683 2308 732 2353 in
767 2307 945 2370 vulgari
984 2304 1190 2351 oratione
1223 2305 1271 2351 τὸ
1292 2306 1445 2369 facilis
1477 2321 1562 2369 pro
1584 2304 1809 2371 adjeetivo
1831 2307 2095 2370 adjunftum

449 2382 635 2438 habent,
669 2380 849 2445 poetice
886 2381 952 2427 ita
986 2379 1163 2437 efferri3
1199 2390 1249 2426 ut
1272 2379 1303 2425 fi
1325 2377 1550 2443 alloquium
1574 2389 1682 2444 regis
1687 2381 1828 2446 facile
1841 2381 2095 2446 exp‘rimen-

447 2458 559 2504 dum
598 2458 669 2513 fit,
687 2454 867 2521 facilem
906 2475 1038 2522 regem
1074 2455 1250 2519 alloquio
1266 2453 1338 2500 vel
1362 2453 1535 2518 alloquii
1553 2454 1677 2502 dicat
1706 2461 1866 2515 poeta,
1909 2467 1962 2505 ut
1983 2454 2093 2507 Val-

450 2530 490 2579 F
490 2531 522 2579 l.
562 2530 629 2586 V,
663 2547 754 2595 407
776 2530 894 2577 littus
915 2531 1025 2594 quod
1020 2528 1179 2593 faciles
1200 2527 1393 2592 appulsus
1414 2528 1560 2586 habet,
1585 2528 1710 2577 idem
1732 2530 1847 2579 littus
1852 2531 1993 2595 facile
2013 2545 2091 2596 ap-

439 2605 644 2670 pulsibus.
710 2604 800 2661 Ita,
837 2620 938 2667 quae
959 2610 1122 2650 ‘vibium
1141 2602 1323 2667 facilem
1346 2601 1500 2650 fundit
1521 2602 1662 2650 humo
1683 2604 1804 2652 tellus
1822 2602 2095 2670 Georg.11,

448 2684 567 2742 460,
605 2681 665 2727 est
699 2678 836 2726 etiam
864 2676 986 2725 tellus
1021 2682 1143 2723 ‘vibi'u
1163 2675 1342 2739 facili53
1377 2688 1421 2722 et
1443 2675 1502 2723 fic
1518 2695 1624 2742 gens
1661 2685 1784 2725 ‘vtc‘lu
1788 2679 1961 2743 facilis,
1993 2696 2094 2744 quae

447 2755 587 2804 habet
629 2755 822 2808 viflum,
857 2749 1063 2799 alimenti
1107 2750 1287 2814 copiam
1331 2763 1556 2814 paratam,
1591 2752 1866 2812 affluentem,
1909 2766 2095 2819 propter

446 2845 662 2893 agrorum
686 2827 857 2875 scilicet
877 2818 1158 2872 fertilitatem
1179 2835 1226 2871 et
1246 2822 1514 2873 ubertatem.
1582 2824 1736 2874 Simili
1756 2828 1895 2876 modo
1917 2826 2097 2882 infinita

447 2904 538 2953 alia
571 2904 630 2951 ad
662 2901 914 2967 prosaicam
945 2900 1140 2948 formam
1161 2899 1467 2982 comparanda
1489 2900 1608 2950 sunt.
1674 2900 1785 2950 AEn.
1821 2901 1962 2960 VIII,
1998 2908 2092 2965 318

448 2985 575 3044 asper
603 2985 726 3037 ‘vida
761 2988 964 3030 venatus,
998 2974 1048 3021 h.
1085 2988 1127 3021 e.
1167 2971 1248 3038 qui
1281 2973 1452 3022 vitium
1486 2974 1706 3039 asperum,
1744 2976 1889 3042 qualis
1909 2978 1969 3025 est
1990 2977 2098 3028 vitae

446 3053 629 3117 asperae,
651 3052 775 3099 durae
794 3062 839 3098 et
856 3048 1082 3116 pauperis,
1103 3047 1288 3113 praebet.
1354 3068 1435 3097 nox
1457 3053 1607 3114 aspera
1625 3058 1754 3111 curis,
1777 3050 1885 3100 Val.
1912 3051 1982 3101 Fl.
1999 3053 2097 3112 ΠΙ,

449 3130 564 3192 362,
586 3145 686 3192 quae
706 3142 837 3174 curas
872 3123 1045 3194 asperas
1067 3122 1215 3170 secum
1239 3122 1368 3170 affert
1400 3135 1444 3170 et
1480 3123 1539 3170 fic
1559 3140 1716 3188 porro.
1779 3127 1924 3192 Equus
1935 3140 2093 3181 autem

447 3202 611 3270 quidni
644 3201 773 3249 ferax
804 3211 850 3247 et
883 3200 1036 3246 laetum
1076 3196 1240 3254 solum,
1272 3196 1401 3261 equis
1435 3198 1607 3247 alendis
1641 3199 1882 3258 idoneum,
1914 3202 2092 3250 omine-

447 3288 553 3325 tur.
544 3279 559 3313 Ρ
594 3293 732 3341 quum
756 3276 845 3323 hoc
869 3282 1120 3322 armentum
1144 3270 1300 3336 pabuli
1323 3271 1503 3341 copiam
1531 3284 1578 3322 et
1611 3274 1799 3323 uberem
1825 3292 1985 3340 agrum
2010 3276 2085 3324 in-

446 3349 609 3418 primis
631 3349 717 3398 fibi
737 3349 907 3414 poscat.
976 3345 1126 3402 Vide,
1161 3347 1194 3400 fi
1231 3346 1335 3394 talis
1368 3362 1438 3395 res
1474 3349 1751 3397 auftoritate
1764 3341 1960 3415 indiget,
1992 3351 2093 3399 Co-

445 3424 677 3472 lumellam
713 3422 772 3470 de
803 3422 866 3469 R.
897 3421 960 3469 R.
985 3418 1078 3476 VI,
1103 3436 1179 3487 27.
1265 3418 1412 3468 Varia
1449 3420 1663 3500 quidem
1657 3423 1725 3475 de
1757 3423 1846 3471 hoc
1879 3437 2093 3489 portento

445 3492 568 3546 inter
590 3480 883 3544 fundamenta
900 3491 1025 3543 urbis
1046 3487 1224 3559 reperto
1245 3493 1339 3543 fuit
1351 3494 1570 3553 narratio,
1584 3501 1706 3564 iiam
1717 3491 1805 3546 alii
1834 3499 1901 3565 (v.
1923 3496 2093 3562 Justin.

445 3573 480 3623 1.
505 3588 547 3621 c.
573 3565 705 3620 serv.
722 3581 769 3624 et
789 3569 1011 3636 Pompon.
1017 3571 1036 3633 )
1063 3569 1215 3636 primo
1235 3581 1372 3635 caput
1391 3563 1739 3634 bubuluQaln
1742 3572 1941 3640 palmam
1960 3571 2092 3620 fimul

1864 3656 2086 3711 repertam
